åˆçº¦ä»£ç ,UpdateTime,LastPrice,Volume,BidPrice1,BidVolume1,AskPrice1,AskVolume1,OpenInterest,Turnover
au2412,20:24:50.500,594.24,0,1.79769e+308,0,1.79769e+308,0,220257,0
au2412,20:59:00.0,594.2,103,594.2,4,594.24,6,220291,6.12026e+07
au2412,21:00:00.0,594.4,126,594.34,33,594.44,1,220309,7.48727e+07
au2412,21:00:00.500,594.46,191,594.48,1,594.52,1,220310,1.13513e+08
au2412,21:00:01.0,594.48,243,594.44,9,594.48,2,220297,1.44426e+08
au2412,21:00:01.500,594.52,279,594.52,4,594.6,2,220283,1.65827e+08
au2412,21:00:02.0,594.44,308,594.44,5,594.48,26,220281,1.83067e+08
au2412,21:00:02.500,594.48,351,594.36,4,594.44,1,220288,2.08628e+08
au2412,21:00:03.0,594.38,364,594.38,2,594.4,1,220282,2.16355e+08
au2412,21:00:03.500,594.44,398,594.38,1,594.44,14,220283,2.36564e+08
au2412,21:00:04.0,594.26,449,594.26,1,594.38,1,220289,2.66879e+08
au2412,21:00:04.500,594.4,488,594.4,15,594.42,8,220270,2.9006e+08
au2412,21:00:05.0,594.4,526,594.4,3,594.42,3,220253,3.12648e+08
au2412,21:00:05.500,594.38,535,594.36,1,594.38,5,220258,3.17997e+08
au2412,21:00:06.0,594.4,571,594.38,1,594.4,1,220247,3.39395e+08
au2412,21:00:06.500,594.4,589,594.42,3,594.44,1,220243,3.50094e+08
au2412,21:00:07.0,594.38,603,594.32,1,594.38,3,220248,3.58416e+08
au2412,21:00:07.500,594.4,614,594.38,3,594.4,5,220243,3.64954e+08
au2412,21:00:08.0,594.42,633,594.42,2,594.44,5,220233,3.76248e+08
au2412,21:00:08.500,594.42,647,594.4,3,594.48,12,220230,3.8457e+08
au2412,21:00:09.0,594.48,666,594.44,4,594.48,9,220228,3.95864e+08
au2412,21:00:09.500,594.48,687,594.48,2,594.52,7,220229,4.08349e+08
au2412,21:00:10.0,594.48,702,594.48,1,594.52,8,220235,4.17266e+08
au2412,21:00:10.500,594.5,712,594.44,2,594.48,3,220240,4.23211e+08
au2412,21:00:11.0,594.44,719,594.42,2,594.48,6,220235,4.27372e+08
au2412,21:00:11.500,594.38,748,594.38,5,594.48,1,220234,4.44611e+08
au2412,21:00:12.0,594.48,756,594.44,1,594.46,1,220232,4.49367e+08
au2412,21:00:12.500,594.44,763,594.4,5,594.46,1,220230,4.53528e+08
au2412,21:00:13.0,594.48,769,594.4,6,594.46,2,220230,4.57095e+08
au2412,21:00:13.500,594.6,801,594.6,22,594.62,2,220246,4.7612e+08
au2412,21:00:14.0,594.56,837,594.52,1,594.56,2,220267,4.97525e+08
au2412,21:00:14.500,594.52,849,594.48,2,594.52,11,220271,5.04659e+08
au2412,21:00:15.0,594.54,868,594.5,2,594.56,6,220267,5.15955e+08
au2412,21:00:15.500,594.56,880,594.52,2,594.56,1,220266,5.2309e+08
au2412,21:00:16.0,594.56,890,594.56,9,594.6,1,220264,5.29035e+08
au2412,21:00:16.500,594.54,910,594.52,5,594.6,8,220257,5.40926e+08
au2412,21:00:17.0,594.54,914,594.52,6,594.56,23,220255,5.43304e+08
au2412,21:00:17.500,594.54,925,594.5,1,594.54,7,220255,5.49844e+08
au2412,21:00:18.0,594.5,936,594.46,7,594.5,2,220257,5.56384e+08
au2412,21:00:18.500,594.56,951,594.48,1,594.56,22,220250,5.65301e+08
au2412,21:00:19.0,594.52,955,594.5,1,594.54,10,220250,5.67679e+08
au2412,21:00:19.500,594.5,958,594.48,10,594.5,2,220247,5.69463e+08
au2412,21:00:20.0,594.5,972,594.5,1,594.54,4,220246,5.77786e+08
au2412,21:00:20.500,594.5,982,594.5,12,594.54,3,220249,5.83731e+08
au2412,21:00:21.0,594.54,988,594.52,1,594.56,22,220248,5.87298e+08
au2412,21:00:21.500,594.56,989,594.54,5,594.56,21,220248,5.87893e+08
au2412,21:00:22.0,594.56,1018,594.54,1,594.6,9,220229,6.05135e+08
au2412,21:00:22.500,594.56,1021,594.56,4,594.6,8,220229,6.06918e+08
au2412,21:00:23.0,594.56,1026,594.56,3,594.6,6,220229,6.09891e+08
au2412,21:00:23.500,594.54,1037,594.54,4,594.6,1,220225,6.16432e+08
au2412,21:00:24.0,594.6,1042,594.6,3,594.62,3,220227,6.19405e+08
au2412,21:00:24.500,594.58,1049,594.56,3,594.6,5,220226,6.23567e+08
au2412,21:00:25.0,594.6,1054,594.6,4,594.62,1,220226,6.2654e+08
au2412,21:00:25.500,594.56,1066,594.56,2,594.6,11,220221,6.33675e+08
au2412,21:00:26.0,594.6,1072,594.54,17,594.56,11,220219,6.37242e+08
au2412,21:00:26.500,594.6,1088,594.54,16,594.6,6,220217,6.46756e+08
au2412,21:00:27.0,594.54,1098,594.54,18,594.56,3,220216,6.52701e+08
au2412,21:00:27.500,594.6,1111,594.54,10,594.56,2,220225,6.6043e+08
au2412,21:00:28.0,594.56,1127,594.52,5,594.56,11,220232,6.69943e+08
au2412,21:00:28.500,594.56,1132,594.52,5,594.56,10,220230,6.72916e+08
au2412,21:00:29.0,594.56,1141,594.52,7,594.56,2,220226,6.78267e+08
au2412,21:00:29.500,594.54,1166,594.48,2,594.56,13,220232,6.9313e+08
au2412,21:00:30.0,594.54,1175,594.5,1,594.54,1,220231,6.98481e+08
au2412,21:00:30.500,594.52,1179,594.5,2,594.52,1,220229,7.00859e+08
au2412,21:00:31.0,594.52,1185,594.5,3,594.54,11,220229,7.04426e+08
au2412,21:00:31.500,594.52,1188,594.5,4,594.54,14,220229,7.0621e+08
au2412,21:00:32.0,594.54,1196,594.5,5,594.54,13,220224,7.10966e+08
au2412,21:00:32.500,594.54,1200,594.52,1,594.54,11,220221,7.13344e+08
au2412,21:00:33.0,594.54,1205,594.52,4,594.54,3,220216,7.16317e+08
au2412,21:00:33.500,594.52,1216,594.5,6,594.54,2,220212,7.22857e+08
au2412,21:00:34.0,594.54,1217,594.5,7,594.52,2,220213,7.23451e+08
au2412,21:00:34.500,594.5,1225,594.46,2,594.52,4,220211,7.28207e+08
au2412,21:00:35.0,594.5,1228,594.48,1,594.5,2,220209,7.29991e+08
au2412,21:00:35.500,594.5,1229,594.48,2,594.5,8,220209,7.30585e+08
au2412,21:00:36.0,594.48,1235,594.46,2,594.5,4,220210,7.34152e+08
au2412,21:00:36.500,594.5,1238,594.48,2,594.5,3,220212,7.35936e+08
au2412,21:00:37.0,594.34,1258,594.32,9,594.4,1,220223,7.47824e+08
au2412,21:00:37.500,594.4,1275,594.36,1,594.4,2,220220,7.57928e+08
au2412,21:00:38.0,594.4,1287,594.3,2,594.4,4,220216,7.6506e+08
au2412,21:00:38.500,594.4,1291,594.36,1,594.4,4,220216,7.67438e+08
au2412,21:00:39.0,594.36,1295,594.34,1,594.36,3,220216,7.69815e+08
au2412,21:00:39.500,594.38,1303,594.38,8,594.42,2,220214,7.7457e+08
au2412,21:00:40.0,594.42,1305,594.38,5,594.44,3,220215,7.75759e+08
au2412,21:00:40.500,594.38,1311,594.4,1,594.42,1,220218,7.79325e+08
au2412,21:00:41.0,594.34,1318,594.34,2,594.42,2,220217,7.83486e+08
au2412,21:00:41.500,594.36,1323,594.36,5,594.4,1,220218,7.86458e+08
au2412,21:00:42.0,594.4,1326,594.4,1,594.42,1,220219,7.88241e+08
au2412,21:00:42.500,594.38,1331,594.38,1,594.44,1,220219,7.91213e+08
au2412,21:00:43.0,594.38,1335,594.36,4,594.42,2,220220,7.93591e+08
au2412,21:00:43.500,594.42,1338,594.42,3,594.44,2,220219,7.95374e+08
au2412,21:00:44.0,594.42,1338,594.42,6,594.44,1,220219,7.95374e+08
au2412,21:00:44.500,594.42,1345,594.42,1,594.48,16,220219,7.99535e+08
au2412,21:00:45.0,594.4,1350,594.38,3,594.4,1,220216,8.02507e+08
au2412,21:00:45.500,594.4,1354,594.4,3,594.42,1,220214,8.04885e+08
au2412,21:00:46.0,594.44,1356,594.4,3,594.46,5,220215,8.06073e+08
au2412,21:00:46.500,594.4,1364,594.4,4,594.42,1,220217,8.10829e+08
au2412,21:00:47.0,594.4,1370,594.4,1,594.42,8,220218,8.14395e+08
au2412,21:00:47.500,594.4,1372,594.38,2,594.42,8,220219,8.15584e+08
au2412,21:00:48.0,594.4,1374,594.4,1,594.42,8,220221,8.16773e+08
au2412,21:00:48.500,594.42,1378,594.38,2,594.42,6,220218,8.1915e+08
au2412,21:00:49.0,594.42,1382,594.38,3,594.42,2,220215,8.21528e+08
au2412,21:00:49.500,594.48,1393,594.42,2,594.48,1,220215,8.28067e+08
au2412,21:00:50.0,594.48,1393,594.44,1,594.46,1,220215,8.28067e+08
au2412,21:00:50.500,594.48,1399,594.44,2,594.5,3,220215,8.31634e+08
au2412,21:00:51.0,594.46,1401,594.44,3,594.48,2,220215,8.32823e+08
au2412,21:00:51.500,594.48,1405,594.44,3,594.5,3,220215,8.35201e+08
au2412,21:00:52.0,594.46,1408,594.46,4,594.5,1,220216,8.36984e+08
au2412,21:00:52.500,594.46,1411,594.46,2,594.5,3,220217,8.38767e+08
au2412,21:00:53.0,594.44,1417,594.42,3,594.44,9,220214,8.42334e+08
au2412,21:00:53.500,594.44,1423,594.42,3,594.44,3,220209,8.45901e+08
au2412,21:00:54.0,594.48,1432,594.48,6,594.5,2,220205,8.51251e+08
au2412,21:00:54.500,594.48,1440,594.44,6,594.5,3,220200,8.56007e+08
au2412,21:00:55.0,594.44,1443,594.44,4,594.46,1,220199,8.5779e+08
au2412,21:00:55.500,594.48,1447,594.48,2,594.5,1,220199,8.60168e+08
au2412,21:00:56.0,594.5,1449,594.5,12,594.52,4,220199,8.61357e+08
au2412,21:00:56.500,594.54,1457,594.52,5,594.56,3,220206,8.66113e+08
au2412,21:00:57.0,594.56,1462,594.56,19,594.58,13,220207,8.69086e+08
au2412,21:00:57.500,594.56,1476,594.56,15,594.58,2,220208,8.7741e+08
au2412,21:00:58.0,594.58,1496,594.54,1,594.6,13,220221,8.89301e+08
au2412,21:00:58.500,594.56,1499,594.54,2,594.58,3,220221,8.91085e+08
au2412,21:00:59.0,594.58,1505,594.54,2,594.6,17,220224,8.94652e+08
au2412,21:00:59.500,594.6,1522,594.58,6,594.6,3,220219,9.04761e+08
au2412,21:01:00.0,594.6,1554,594.6,15,594.62,6,220217,9.23788e+08
au2412,21:01:00.500,594.6,1578,594.58,4,594.6,1,220220,9.38058e+08
au2412,21:01:01.0,594.56,1589,594.54,6,594.56,3,220218,9.44599e+08
au2412,21:01:01.500,594.54,1607,594.5,6,594.54,4,220219,9.553e+08
au2412,21:01:02.0,594.5,1614,594.5,17,594.54,2,220215,9.59462e+08
au2412,21:01:02.500,594.54,1626,594.52,7,594.58,15,220209,9.66596e+08
au2412,21:01:03.0,594.52,1633,594.54,1,594.56,16,220206,9.70758e+08
au2412,21:01:03.500,594.54,1645,594.52,4,594.54,6,220211,9.77892e+08
au2412,21:01:04.0,594.5,1679,594.48,3,594.5,2,220213,9.98106e+08
au2412,21:01:04.500,594.54,1687,594.48,3,594.54,3,220216,1.00286e+09
au2412,21:01:05.0,594.5,1688,594.48,5,594.5,2,220217,1.00346e+09
au2412,21:01:05.500,594.54,1693,594.5,4,594.54,7,220219,1.00643e+09
au2412,21:01:06.0,594.52,1694,594.5,7,594.52,13,220218,1.00702e+09
au2412,21:01:06.500,594.52,1711,594.5,3,594.52,1,220209,1.01713e+09
au2412,21:01:07.500,594.52,1720,594.5,4,594.54,4,220205,1.02248e+09
au2412,21:01:08.0,594.52,1721,594.52,5,594.54,3,220204,1.02308e+09
au2412,21:01:08.500,594.54,1727,594.54,1,594.58,9,220204,1.02664e+09
au2412,21:01:09.0,594.54,1741,594.54,10,594.58,3,220203,1.03497e+09
au2412,21:01:09.500,594.56,1748,594.56,1,594.6,7,220201,1.03913e+09
au2412,21:01:10.0,594.56,1753,594.56,2,594.58,1,220198,1.0421e+09
au2412,21:01:10.500,594.56,1756,594.56,3,594.58,2,220200,1.04388e+09
au2412,21:01:11.0,594.54,1760,594.54,7,594.56,11,220202,1.04626e+09
au2412,21:01:11.500,594.56,1768,594.54,1,594.56,11,220203,1.05102e+09
au2412,21:01:12.0,594.54,1780,594.54,1,594.56,4,220199,1.05815e+09
au2412,21:01:12.500,594.56,1787,594.56,7,594.58,2,220196,1.06232e+09
au2412,21:01:13.0,594.58,1790,594.56,9,594.6,7,220197,1.0641e+09
au2412,21:01:13.500,594.6,1797,594.56,7,594.6,5,220196,1.06826e+09
au2412,21:01:14.0,594.56,1803,594.56,2,594.6,5,220194,1.07183e+09
au2412,21:01:14.500,594.56,1809,594.56,7,594.58,1,220192,1.0754e+09
au2412,21:01:15.0,594.56,1819,594.56,5,594.6,5,220195,1.08134e+09
au2412,21:01:15.500,594.6,1827,594.6,1,594.62,6,220199,1.0861e+09
au2412,21:01:16.0,594.58,1835,594.58,4,594.6,3,220203,1.09086e+09
au2412,21:01:16.500,594.58,1843,594.56,8,594.6,1,220203,1.09561e+09
au2412,21:01:17.0,594.56,1849,594.58,1,594.6,4,220202,1.09918e+09
au2412,21:01:17.500,594.6,1853,594.56,8,594.6,4,220204,1.10156e+09
au2412,21:01:18.0,594.6,1855,594.56,7,594.6,3,220204,1.10275e+09
au2412,21:01:18.500,594.6,1859,594.58,1,594.6,2,220204,1.10513e+09
au2412,21:01:19.0,594.54,1868,594.54,12,594.56,6,220211,1.11048e+09
au2412,21:01:19.500,594.52,1890,594.52,3,594.56,7,220232,1.12356e+09
au2412,21:01:20.0,594.52,1993,594.48,1,594.52,21,220195,1.18479e+09
au2412,21:01:20.500,594.44,2005,594.42,1,594.46,3,220194,1.19192e+09
au2412,21:01:21.0,594.46,2027,594.4,4,594.48,8,220183,1.205e+09
au2412,21:01:21.500,594.42,2030,594.42,6,594.46,8,220182,1.20679e+09
au2412,21:01:22.0,594.46,2042,594.4,1,594.44,1,220183,1.21392e+09
au2412,21:01:22.500,594.4,2048,594.36,3,594.4,2,220181,1.21748e+09
au2412,21:01:23.0,594.4,2073,594.36,1,594.42,3,220180,1.23234e+09
au2412,21:01:23.500,594.36,2078,594.34,6,594.36,2,220175,1.23532e+09
au2412,21:01:24.0,594.36,2080,594.36,3,594.4,7,220173,1.2365e+09
au2412,21:01:24.500,594.36,2087,594.36,2,594.38,4,220173,1.24067e+09
au2412,21:01:25.0,594.36,2097,594.34,6,594.36,25,220170,1.24661e+09
au2412,21:01:25.500,594.36,2117,594.3,5,594.36,23,220165,1.2585e+09
au2412,21:01:26.0,594.36,2127,594.32,1,594.36,23,220161,1.26444e+09
au2412,21:01:26.500,594.36,2132,594.32,6,594.36,19,220161,1.26741e+09
au2412,21:01:27.0,594.36,2159,594.34,2,594.38,2,220156,1.28346e+09
au2412,21:01:27.500,594.34,2162,594.36,4,594.38,5,220156,1.28524e+09
au2412,21:01:28.0,594.36,2165,594.36,7,594.38,3,220156,1.28702e+09
au2412,21:01:28.500,594.36,2168,594.36,5,594.38,3,220156,1.28881e+09
au2412,21:01:29.0,594.38,2169,594.36,5,594.38,1,220155,1.2894e+09
au2412,21:01:29.500,594.34,2181,594.32,3,594.36,3,220154,1.29653e+09
au2412,21:01:30.0,594.34,2185,594.32,3,594.34,5,220154,1.29891e+09
au2412,21:01:30.500,594.34,2192,594.32,1,594.34,3,220152,1.30307e+09
au2412,21:01:31.0,594.32,2207,594.3,5,594.32,1,220150,1.31199e+09
au2412,21:01:31.500,594.32,2212,594.3,5,594.32,1,220146,1.31496e+09
au2412,21:01:32.0,594.4,2223,594.36,1,594.42,3,220142,1.3215e+09
au2412,21:01:32.500,594.32,2227,594.32,2,594.36,1,220141,1.32387e+09
au2412,21:01:33.0,594.3,2250,594.3,1,594.36,1,220138,1.33754e+09
au2412,21:01:33.500,594.28,2318,594.22,1,594.32,3,220114,1.37795e+09
au2412,21:01:34.0,594.3,2335,594.26,1,594.32,3,220111,1.38805e+09
au2412,21:01:34.500,594.28,2345,594.28,3,594.34,2,220111,1.394e+09
au2412,21:01:35.0,594.3,2350,594.3,2,594.32,1,220111,1.39697e+09
au2412,21:01:35.500,594.32,2354,594.32,7,594.34,3,220112,1.39934e+09
au2412,21:01:36.0,594.32,2362,594.28,3,594.34,2,220118,1.4041e+09
au2412,21:01:36.500,594.3,2367,594.28,4,594.3,1,220117,1.40707e+09
au2412,21:01:37.0,594.28,2370,594.28,1,594.32,2,220118,1.40885e+09
au2412,21:01:37.500,594.28,2371,594.26,3,594.3,5,220118,1.40945e+09
au2412,21:01:38.0,594.3,2372,594.26,3,594.28,4,220119,1.41004e+09
au2412,21:01:38.500,594.26,2379,594.24,5,594.28,1,220115,1.4142e+09
au2412,21:01:39.0,594.28,2385,594.28,1,594.3,6,220112,1.41777e+09
au2412,21:01:39.500,594.3,2394,594.3,2,594.32,5,220117,1.42312e+09
au2412,21:01:40.0,594.32,2401,594.26,3,594.32,1,220119,1.42728e+09
au2412,21:01:40.500,594.32,2402,594.28,18,594.32,5,220120,1.42787e+09
au2412,21:01:41.0,594.28,2405,594.28,17,594.3,1,220119,1.42965e+09
au2412,21:01:41.500,594.28,2423,594.28,2,594.32,1,220121,1.44035e+09
au2412,21:01:42.0,594.28,2427,594.26,3,594.32,5,220120,1.44273e+09
au2412,21:01:42.500,594.32,2433,594.32,1,594.34,5,220118,1.44629e+09
au2412,21:01:43.0,594.28,2435,594.28,5,594.32,7,220116,1.44748e+09
au2412,21:01:43.500,594.28,2438,594.3,1,594.32,6,220115,1.44926e+09
au2412,21:01:44.0,594.34,2445,594.32,1,594.34,3,220118,1.45343e+09
au2412,21:01:44.500,594.32,2450,594.32,6,594.34,1,220117,1.4564e+09
au2412,21:01:45.0,594.32,2454,594.32,9,594.36,8,220117,1.45877e+09
au2412,21:01:45.500,594.32,2465,594.32,1,594.36,5,220113,1.46531e+09
au2412,21:01:46.0,594.32,2475,594.32,3,594.38,1,220112,1.47126e+09
au2412,21:01:46.500,594.34,2485,594.3,2,594.32,2,220114,1.4772e+09
au2412,21:01:47.0,594.28,2489,594.26,2,594.32,2,220116,1.47958e+09
au2412,21:01:47.500,594.28,2505,594.3,3,594.32,2,220110,1.48908e+09
au2412,21:01:48.0,594.3,2517,594.24,1,594.3,8,220106,1.49622e+09
au2412,21:01:48.500,594.28,2523,594.24,2,594.3,9,220110,1.49978e+09
au2412,21:01:49.0,594.28,2526,594.24,1,594.28,2,220110,1.50156e+09
au2412,21:01:49.500,594.26,2529,594.24,3,594.26,3,220109,1.50335e+09
au2412,21:01:50.0,594.28,2537,594.26,6,594.3,6,220110,1.5081e+09
au2412,21:01:50.500,594.26,2541,594.24,2,594.28,5,220107,1.51048e+09
au2412,21:01:51.0,594.24,2543,594.22,1,594.28,4,220106,1.51167e+09
au2412,21:01:51.500,594.24,2544,594.24,3,594.26,3,220105,1.51226e+09
au2412,21:01:52.0,594.24,2564,594.2,3,594.26,8,220107,1.52415e+09
au2412,21:01:52.500,594.2,2568,594.18,2,594.2,2,220107,1.52652e+09
au2412,21:01:53.0,594.18,2577,594.16,1,594.18,1,220099,1.53187e+09
au2412,21:01:53.500,594.14,2583,594.14,3,594.16,4,220100,1.53544e+09
au2412,21:01:54.0,594.14,2589,594.12,6,594.14,10,220103,1.539e+09
au2412,21:01:54.500,594.14,2603,594.06,3,594.14,7,220107,1.54732e+09
au2412,21:01:55.0,594.14,2603,594.08,3,594.12,10,220107,1.54732e+09
au2412,21:01:55.500,594.08,2625,594.06,3,594.08,1,220111,1.56039e+09
au2412,21:01:56.500,594.12,2629,594.12,1,594.14,2,220112,1.56276e+09
au2412,21:01:57.0,594.1,2636,594.12,1,594.14,4,220109,1.56692e+09
au2412,21:01:57.500,594.08,2655,594.08,2,594.12,2,220115,1.57821e+09
au2412,21:01:58.0,594.12,2660,594.08,1,594.12,5,220113,1.58118e+09
au2412,21:01:58.500,594.12,2667,594.08,4,594.12,5,220114,1.58534e+09
au2412,21:01:59.0,594.12,2676,594.06,3,594.08,4,220115,1.59069e+09
au2412,21:01:59.500,594.14,2688,594.08,6,594.14,1,220116,1.59782e+09
au2412,21:02:00.0,594.1,2695,594.1,5,594.14,5,220118,1.60198e+09
au2412,21:02:00.500,594.1,2698,594.1,4,594.14,5,220119,1.60376e+09
au2412,21:02:01.0,594.12,2704,594.12,1,594.14,1,220115,1.60732e+09
au2412,21:02:01.500,594.14,2707,594.12,12,594.16,6,220118,1.60911e+09
au2412,21:02:02.0,594.14,2714,594.14,3,594.16,3,220119,1.61326e+09
au2412,21:02:02.500,594.14,2723,594.16,1,594.18,1,220123,1.61861e+09
au2412,21:02:03.0,594.16,2740,594.12,9,594.14,1,220135,1.62871e+09
au2412,21:02:03.500,594.16,2748,594.16,1,594.18,7,220133,1.63347e+09
au2412,21:02:04.0,594.16,2750,594.12,7,594.16,6,220133,1.63465e+09
au2412,21:02:04.500,594.14,2764,594.14,1,594.18,2,220135,1.64297e+09
au2412,21:02:05.0,594.16,2768,594.16,3,594.18,3,220136,1.64535e+09
au2412,21:02:05.500,594.18,2772,594.18,1,594.2,2,220135,1.64772e+09
au2412,21:02:06.0,594.16,2779,594.16,3,594.22,1,220134,1.65188e+09
au2412,21:02:06.500,594.16,2779,594.18,1,594.2,3,220134,1.65188e+09
au2412,21:02:07.0,594.16,2785,594.14,4,594.16,3,220134,1.65545e+09
au2412,21:02:07.500,594.16,2793,594.16,9,594.2,4,220133,1.6602e+09
au2412,21:02:08.0,594.2,2798,594.18,7,594.22,5,220135,1.66317e+09
au2412,21:02:08.500,594.22,2814,594.16,8,594.24,2,220142,1.67268e+09
au2412,21:02:09.0,594.2,2815,594.2,2,594.22,1,220143,1.67327e+09
au2412,21:02:09.500,594.22,2820,594.2,3,594.26,5,220145,1.67625e+09
au2412,21:02:10.0,594.26,2823,594.22,2,594.26,3,220147,1.67803e+09
au2412,21:02:10.500,594.24,2827,594.24,2,594.28,4,220145,1.68041e+09
au2412,21:02:11.0,594.28,2831,594.28,12,594.3,2,220147,1.68278e+09
au2412,21:02:11.500,594.28,2846,594.28,11,594.34,1,220156,1.6917e+09
au2412,21:02:12.0,594.28,2847,594.3,3,594.32,1,220156,1.69229e+09
au2412,21:02:12.500,594.28,2870,594.26,1,594.28,1,220154,1.70596e+09
au2412,21:02:13.0,594.26,2878,594.22,20,594.26,18,220157,1.71071e+09
au2412,21:02:13.500,594.24,2897,594.22,5,594.24,1,220154,1.722e+09
au2412,21:02:14.0,594.22,2905,594.2,7,594.24,3,220153,1.72676e+09
au2412,21:02:14.500,594.22,2908,594.2,7,594.24,1,220152,1.72854e+09
au2412,21:02:15.0,594.2,2910,594.22,1,594.26,8,220150,1.72973e+09
au2412,21:02:15.500,594.22,2913,594.2,5,594.24,1,220148,1.73151e+09
au2412,21:02:16.0,594.2,2917,594.22,1,594.24,5,220148,1.73389e+09
au2412,21:02:16.500,594.24,2928,594.24,1,594.26,9,220141,1.74043e+09
au2412,21:02:17.0,594.24,2930,594.2,1,594.26,6,220140,1.74161e+09
au2412,21:02:17.500,594.24,2931,594.22,1,594.24,1,220139,1.74221e+09
au2412,21:02:18.0,594.24,2938,594.24,7,594.26,5,220140,1.74637e+09
au2412,21:02:18.500,594.24,2945,594.2,2,594.24,3,220141,1.75053e+09
au2412,21:02:19.0,594.24,2945,594.18,2,594.22,1,220141,1.75053e+09
au2412,21:02:19.500,594.22,2946,594.18,6,594.2,1,220141,1.75112e+09
au2412,21:02:20.0,594.24,2956,594.24,5,594.26,2,220132,1.75706e+09
au2412,21:02:20.500,594.26,2963,594.26,2,594.28,3,220131,1.76122e+09
au2412,21:02:21.0,594.26,2966,594.26,4,594.28,2,220130,1.76301e+09
au2412,21:02:21.500,594.24,2978,594.2,12,594.24,2,220126,1.77014e+09
au2412,21:02:22.0,594.24,2979,594.2,6,594.22,7,220126,1.77073e+09
au2412,21:02:22.500,594.2,2989,594.18,1,594.2,3,220127,1.77667e+09
au2412,21:02:23.0,594.2,2993,594.18,2,594.22,7,220128,1.77905e+09
au2412,21:02:23.500,594.24,2996,594.2,1,594.26,5,220125,1.78083e+09
au2412,21:02:24.0,594.26,3001,594.22,5,594.28,5,220121,1.7838e+09
au2412,21:02:24.500,594.28,3009,594.24,3,594.28,3,220115,1.78856e+09
au2412,21:02:25.0,594.26,3013,594.26,6,594.3,2,220117,1.79094e+09
au2412,21:02:25.500,594.32,3018,594.28,4,594.34,3,220115,1.79391e+09
au2412,21:02:26.0,594.32,3018,594.3,5,594.32,1,220115,1.79391e+09
au2412,21:02:26.500,594.3,3022,594.28,4,594.32,4,220114,1.79628e+09
au2412,21:02:27.0,594.3,3025,594.3,3,594.32,1,220113,1.79807e+09
au2412,21:02:27.500,594.3,3030,594.3,2,594.34,2,220112,1.80104e+09
au2412,21:02:28.0,594.3,3030,594.32,2,594.34,3,220112,1.80104e+09
au2412,21:02:28.500,594.3,3037,594.32,2,594.34,2,220117,1.8052e+09
au2412,21:02:29.0,594.32,3040,594.32,6,594.34,1,220120,1.80698e+09
au2412,21:02:29.500,594.34,3042,594.34,2,594.36,10,220120,1.80817e+09
au2412,21:02:30.0,594.34,3050,594.34,1,594.36,5,220121,1.81293e+09
au2412,21:02:30.500,594.36,3055,594.34,8,594.36,2,220117,1.8159e+09
au2412,21:02:31.0,594.36,3057,594.36,4,594.38,2,220117,1.81709e+09
au2412,21:02:31.500,594.38,3062,594.36,5,594.4,12,220117,1.82006e+09
au2412,21:02:32.0,594.36,3064,594.36,6,594.4,12,220117,1.82125e+09
au2412,21:02:32.500,594.36,3064,594.36,6,594.4,12,220117,1.82125e+09
au2412,21:02:33.0,594.4,3066,594.38,1,594.4,10,220117,1.82244e+09
au2412,21:02:33.500,594.4,3070,594.38,1,594.4,6,220114,1.82481e+09
au2412,21:02:34.0,594.38,3073,594.36,9,594.4,4,220113,1.8266e+09
au2412,21:02:34.500,594.4,3084,594.4,1,594.42,6,220110,1.83313e+09
au2412,21:02:35.0,594.36,3089,594.36,2,594.4,4,220107,1.83611e+09
au2412,21:02:35.500,594.4,3092,594.36,3,594.4,3,220105,1.83789e+09
au2412,21:02:36.0,594.42,3102,594.42,4,594.44,1,220100,1.84383e+09
au2412,21:02:36.500,594.44,3114,594.44,4,594.46,1,220100,1.85097e+09
au2412,21:02:37.0,594.46,3115,594.46,3,594.48,5,220100,1.85156e+09
au2412,21:02:37.500,594.46,3128,594.44,5,594.46,1,220096,1.85929e+09
au2412,21:02:38.0,594.46,3132,594.46,2,594.5,8,220097,1.86167e+09
au2412,21:02:38.500,594.48,3134,594.46,10,594.48,4,220097,1.86286e+09
au2412,21:02:39.0,594.52,3151,594.5,8,594.54,3,220089,1.87296e+09
au2412,21:02:39.500,594.54,3162,594.52,5,594.56,2,220085,1.8795e+09
au2412,21:02:40.0,594.48,3176,594.48,4,594.5,7,220093,1.88783e+09
au2412,21:02:40.500,594.48,3180,594.46,11,594.5,7,220093,1.8902e+09
au2412,21:02:41.0,594.48,3185,594.46,8,594.5,3,220096,1.89318e+09
au2412,21:02:41.500,594.46,3188,594.46,6,594.5,5,220097,1.89496e+09
au2412,21:02:42.0,594.48,3196,594.46,1,594.5,12,220099,1.89971e+09
au2412,21:02:42.500,594.48,3198,594.44,5,594.46,1,220099,1.9009e+09
au2412,21:02:43.0,594.44,3199,594.44,3,594.46,2,220099,1.9015e+09
au2412,21:02:43.500,594.44,3203,594.42,1,594.44,3,220097,1.90388e+09
au2412,21:02:44.0,594.44,3208,594.42,2,594.46,2,220098,1.90685e+09
au2412,21:02:44.500,594.44,3212,594.42,2,594.44,2,220096,1.90923e+09
au2412,21:02:45.0,594.44,3216,594.44,1,594.46,4,220096,1.9116e+09
au2412,21:02:45.500,594.4,3225,594.4,1,594.44,6,220098,1.91695e+09
au2412,21:02:46.0,594.44,3226,594.4,6,594.44,5,220098,1.91755e+09
au2412,21:02:46.500,594.4,3228,594.4,5,594.44,12,220097,1.91874e+09
au2412,21:02:47.0,594.42,3231,594.4,1,594.42,7,220099,1.92052e+09
au2412,21:02:47.500,594.42,3240,594.36,1,594.4,3,220104,1.92587e+09
au2412,21:02:48.0,594.38,3244,594.36,6,594.38,3,220104,1.92825e+09
au2412,21:02:48.500,594.38,3247,594.36,5,594.4,2,220105,1.93003e+09
au2412,21:02:49.0,594.38,3247,594.38,1,594.4,11,220105,1.93003e+09
au2412,21:02:49.500,594.38,3250,594.36,5,594.4,13,220106,1.93181e+09
au2412,21:02:50.0,594.4,3252,594.36,5,594.4,12,220105,1.933e+09
au2412,21:02:50.500,594.38,3256,594.36,5,594.38,9,220103,1.93538e+09
au2412,21:02:51.0,594.34,3264,594.32,1,594.34,7,220105,1.94013e+09
au2412,21:02:51.500,594.32,3266,594.3,2,594.32,4,220106,1.94132e+09
au2412,21:02:52.0,594.3,3270,594.28,2,594.32,4,220107,1.9437e+09
au2412,21:02:52.500,594.3,3271,594.28,4,594.3,6,220106,1.94429e+09
au2412,21:02:53.0,594.3,3278,594.28,2,594.32,6,220105,1.94845e+09
au2412,21:02:53.500,594.3,3278,594.3,1,594.32,8,220105,1.94845e+09
au2412,21:02:54.0,594.28,3282,594.28,3,594.32,6,220104,1.95083e+09
au2412,21:02:54.500,594.26,3288,594.24,3,594.28,3,220108,1.9544e+09
au2412,21:02:55.0,594.24,3295,594.22,4,594.26,5,220107,1.95856e+09
au2412,21:02:55.500,594.2,3312,594.2,1,594.24,3,220106,1.96866e+09
au2412,21:02:56.0,594.2,3314,594.18,1,594.2,1,220108,1.96985e+09
au2412,21:02:56.500,594.2,3318,594.2,2,594.22,5,220111,1.97222e+09
au2412,21:02:57.0,594.2,3321,594.18,3,594.22,5,220111,1.97401e+09
au2412,21:02:57.500,594.22,3328,594.22,1,594.26,3,220109,1.97817e+09
au2412,21:02:58.0,594.26,3333,594.26,1,594.28,6,220107,1.98114e+09
au2412,21:02:58.500,594.24,3339,594.24,1,594.28,1,220106,1.9847e+09
au2412,21:02:59.0,594.24,3347,594.24,1,594.3,2,220105,1.98946e+09
au2412,21:02:59.500,594.3,3361,594.26,4,594.32,5,220096,1.99778e+09
au2412,21:03:00.0,594.28,3363,594.26,4,594.3,1,220096,1.99897e+09
au2412,21:03:00.500,594.28,3363,594.26,4,594.3,5,220096,1.99897e+09
au2412,21:03:01.0,594.24,3373,594.22,8,594.28,1,220098,2.00491e+09
au2412,21:03:01.500,594.24,3383,594.24,4,594.3,4,220093,2.01085e+09
au2412,21:03:02.0,594.26,3393,594.3,3,594.32,2,220089,2.01679e+09
au2412,21:03:02.500,594.3,3402,594.28,1,594.3,2,220087,2.02214e+09
au2412,21:03:03.0,594.3,3404,594.3,5,594.34,4,220085,2.02333e+09
au2412,21:03:03.500,594.3,3405,594.3,5,594.34,4,220085,2.02393e+09
au2412,21:03:04.0,594.32,3406,594.3,4,594.34,10,220084,2.02452e+09
au2412,21:03:04.500,594.3,3407,594.32,3,594.34,10,220085,2.02511e+09
au2412,21:03:05.0,594.32,3410,594.32,2,594.34,2,220087,2.0269e+09
au2412,21:03:05.500,594.34,3413,594.34,4,594.36,2,220087,2.02868e+09
au2412,21:03:06.0,594.34,3418,594.34,3,594.38,11,220086,2.03165e+09
au2412,21:03:06.500,594.38,3422,594.34,2,594.36,1,220084,2.03403e+09
au2412,21:03:07.0,594.34,3426,594.32,1,594.36,3,220084,2.03641e+09
au2412,21:03:07.500,594.38,3435,594.36,1,594.38,7,220079,2.04176e+09
au2412,21:03:08.0,594.38,3436,594.36,2,594.38,6,220078,2.04235e+09
au2412,21:03:08.500,594.38,3439,594.36,8,594.38,4,220075,2.04413e+09
au2412,21:03:09.0,594.38,3453,594.38,4,594.4,6,220083,2.05245e+09
au2412,21:03:09.500,594.36,3460,594.32,4,594.38,17,220086,2.05662e+09
au2412,21:03:10.0,594.32,3461,594.32,2,594.36,11,220087,2.05721e+09
au2412,21:03:10.500,594.32,3465,594.3,4,594.32,3,220090,2.05959e+09
au2412,21:03:11.0,594.32,3471,594.28,4,594.34,2,220087,2.06315e+09
au2412,21:03:11.500,594.34,3472,594.3,6,594.34,1,220086,2.06375e+09
au2412,21:03:12.0,594.34,3472,594.32,3,594.34,1,220086,2.06375e+09
au2412,21:03:12.500,594.36,3492,594.32,4,594.36,17,220081,2.07563e+09
au2412,21:03:13.0,594.34,3507,594.32,4,594.36,8,220075,2.08455e+09
au2412,21:03:13.500,594.36,3510,594.34,3,594.36,5,220072,2.08633e+09
au2412,21:03:14.0,594.36,3512,594.34,2,594.36,3,220070,2.08752e+09
au2412,21:03:14.500,594.36,3513,594.34,5,594.36,2,220070,2.08812e+09
au2412,21:03:15.0,594.34,3515,594.34,5,594.36,1,220070,2.0893e+09
au2412,21:03:15.500,594.34,3517,594.34,4,594.38,7,220069,2.09049e+09
au2412,21:03:16.0,594.34,3517,594.36,1,594.38,5,220069,2.09049e+09
au2412,21:03:16.500,594.28,3536,594.26,4,594.3,10,220071,2.10178e+09
au2412,21:03:17.0,594.24,3547,594.22,10,594.28,12,220072,2.10832e+09
au2412,21:03:17.500,594.28,3552,594.24,2,594.28,8,220069,2.11129e+09
au2412,21:03:18.0,594.28,3552,594.26,1,594.28,6,220069,2.11129e+09
au2412,21:03:18.500,594.28,3553,594.26,3,594.28,5,220068,2.11189e+09
au2412,21:03:19.0,594.26,3554,594.26,2,594.28,5,220067,2.11248e+09
au2412,21:03:19.500,594.26,3554,594.26,2,594.28,5,220067,2.11248e+09
au2412,21:03:20.0,594.26,3556,594.24,4,594.26,1,220066,2.11367e+09
au2412,21:03:20.500,594.28,3560,594.24,5,594.3,2,220067,2.11605e+09
au2412,21:03:21.0,594.28,3561,594.28,5,594.3,5,220067,2.11664e+09
au2412,21:03:21.500,594.28,3563,594.28,3,594.3,4,220065,2.11783e+09
au2412,21:03:22.0,594.28,3563,594.28,4,594.3,4,220065,2.11783e+09
au2412,21:03:22.500,594.28,3563,594.28,4,594.3,1,220065,2.11783e+09
au2412,21:03:23.0,594.28,3565,594.28,2,594.3,1,220065,2.11902e+09
au2412,21:03:23.500,594.3,3569,594.3,48,594.32,4,220066,2.1214e+09
au2412,21:03:24.0,594.32,3577,594.3,50,594.34,3,220071,2.12615e+09
au2412,21:03:24.500,594.32,3577,594.32,2,594.34,3,220071,2.12615e+09
au2412,21:03:25.0,594.32,3577,594.32,4,594.34,3,220071,2.12615e+09
au2412,21:03:25.500,594.32,3578,594.32,3,594.34,3,220072,2.12674e+09
au2412,21:03:26.0,594.32,3578,594.32,4,594.34,3,220072,2.12674e+09
au2412,21:03:26.500,594.36,3586,594.34,5,594.36,1,220071,2.1315e+09
au2412,21:03:27.0,594.36,3588,594.36,4,594.38,9,220072,2.13269e+09
au2412,21:03:27.500,594.36,3588,594.36,4,594.38,9,220072,2.13269e+09
au2412,21:03:28.0,594.36,3591,594.36,2,594.38,9,220074,2.13447e+09
au2412,21:03:28.500,594.36,3591,594.36,2,594.38,9,220074,2.13447e+09
au2412,21:03:29.0,594.36,3596,594.34,3,594.38,6,220073,2.13744e+09
au2412,21:03:29.500,594.34,3600,594.34,2,594.36,9,220072,2.13982e+09
au2412,21:03:30.0,594.34,3602,594.32,3,594.34,5,220073,2.14101e+09
au2412,21:03:30.500,594.36,3615,594.34,3,594.38,7,220076,2.14874e+09
au2412,21:03:31.0,594.36,3615,594.34,3,594.38,7,220076,2.14874e+09
au2412,21:03:31.500,594.34,3617,594.34,3,594.38,17,220075,2.14992e+09
au2412,21:03:32.0,594.36,3625,594.32,4,594.38,17,220075,2.15468e+09
au2412,21:03:32.500,594.38,3627,594.36,2,594.38,15,220074,2.15587e+09
au2412,21:03:33.0,594.38,3629,594.36,1,594.38,14,220075,2.15706e+09
au2412,21:03:33.500,594.34,3634,594.34,3,594.38,11,220071,2.16003e+09
au2412,21:03:34.0,594.38,3636,594.36,2,594.38,10,220070,2.16122e+09
au2412,21:03:34.500,594.36,3637,594.36,1,594.38,10,220069,2.16181e+09
au2412,21:03:35.0,594.36,3640,594.34,3,594.36,1,220069,2.16359e+09
au2412,21:03:35.500,594.34,3647,594.32,6,594.34,2,220072,2.16776e+09
au2412,21:03:36.0,594.38,3652,594.34,1,594.38,8,220072,2.17073e+09
au2412,21:03:36.500,594.36,3653,594.36,1,594.38,8,220072,2.17132e+09
au2412,21:03:37.0,594.36,3657,594.36,2,594.38,6,220073,2.1737e+09
au2412,21:03:38.0,594.34,3665,594.34,1,594.36,2,220068,2.17845e+09
au2412,21:03:38.500,594.34,3665,594.34,1,594.36,6,220068,2.17845e+09
au2412,21:03:39.0,594.34,3667,594.32,7,594.34,1,220068,2.17964e+09
au2412,21:03:39.500,594.34,3667,594.32,7,594.36,6,220068,2.17964e+09
au2412,21:03:40.0,594.34,3667,594.32,7,594.34,1,220068,2.17964e+09
au2412,21:03:40.500,594.34,3668,594.32,7,594.36,5,220068,2.18024e+09
au2412,21:03:41.0,594.34,3668,594.34,1,594.36,3,220068,2.18024e+09
au2412,21:03:41.500,594.38,3671,594.34,2,594.38,5,220067,2.18202e+09
au2412,21:03:42.0,594.34,3675,594.34,2,594.38,4,220068,2.1844e+09
au2412,21:03:42.500,594.34,3675,594.34,4,594.38,4,220068,2.1844e+09
au2412,21:03:43.0,594.34,3675,594.34,4,594.38,4,220068,2.1844e+09
au2412,21:03:43.500,594.38,3677,594.34,4,594.38,3,220069,2.18559e+09
au2412,21:03:44.0,594.38,3680,594.38,2,594.4,6,220069,2.18737e+09
au2412,21:03:44.500,594.38,3684,594.38,3,594.4,4,220069,2.18975e+09
au2412,21:03:45.0,594.38,3687,594.38,2,594.4,4,220071,2.19153e+09
au2412,21:03:45.500,594.4,3688,594.38,4,594.4,3,220070,2.19212e+09
au2412,21:03:46.0,594.4,3693,594.36,4,594.4,2,220073,2.1951e+09
au2412,21:03:46.500,594.4,3694,594.36,4,594.38,3,220074,2.19569e+09
au2412,21:03:47.0,594.38,3697,594.36,3,594.4,7,220074,2.19747e+09
au2412,21:03:47.500,594.4,3698,594.36,3,594.38,2,220075,2.19807e+09
au2412,21:03:48.0,594.38,3701,594.36,2,594.4,2,220076,2.19985e+09
au2412,21:03:48.500,594.4,3702,594.36,3,594.4,2,220076,2.20045e+09
au2412,21:03:49.0,594.4,3702,594.36,3,594.4,2,220076,2.20045e+09
au2412,21:03:49.500,594.48,3718,594.4,1,594.46,1,220084,2.20996e+09
au2412,21:03:50.0,594.4,3721,594.4,25,594.44,9,220085,2.21174e+09
au2412,21:03:50.500,594.44,3723,594.42,1,594.44,12,220083,2.21293e+09
au2412,21:03:51.0,594.4,3727,594.42,4,594.44,11,220082,2.21531e+09
au2412,21:03:51.500,594.4,3727,594.42,4,594.44,2,220082,2.21531e+09
au2412,21:03:52.0,594.44,3729,594.42,3,594.44,2,220083,2.2165e+09
au2412,21:03:52.500,594.44,3731,594.42,3,594.46,4,220085,2.21768e+09
au2412,21:03:53.0,594.42,3735,594.4,28,594.44,6,220084,2.22006e+09
au2412,21:03:53.500,594.44,3737,594.4,28,594.44,6,220084,2.22125e+09
au2412,21:03:54.0,594.44,3737,594.4,28,594.44,6,220084,2.22125e+09
au2412,21:03:54.500,594.44,3737,594.4,68,594.44,4,220084,2.22125e+09
au2412,21:03:55.0,594.42,3744,594.42,2,594.46,1,220084,2.22541e+09
au2412,21:03:55.500,594.44,3745,594.42,3,594.44,5,220083,2.22601e+09
au2412,21:03:56.0,594.44,3747,594.42,1,594.44,3,220081,2.2272e+09
au2412,21:03:56.500,594.44,3751,594.42,1,594.46,6,220082,2.22957e+09
au2412,21:03:57.0,594.44,3751,594.44,20,594.46,6,220082,2.22957e+09
au2412,21:03:57.500,594.46,3754,594.44,20,594.48,6,220082,2.23136e+09
au2412,21:03:58.0,594.48,3764,594.44,20,594.48,5,220082,2.2373e+09
au2412,21:03:58.500,594.48,3765,594.44,20,594.46,1,220081,2.2379e+09
au2412,21:03:59.0,594.48,3773,594.46,5,594.48,3,220080,2.24265e+09
au2412,21:03:59.500,594.48,3773,594.46,5,594.48,1,220080,2.24265e+09
au2412,21:04:46.0,594.64,4581,594.6,9,594.64,3,220227,2.72301e+09
au2412,21:04:46.500,594.64,4586,594.64,9,594.66,1,220224,2.72599e+09
au2412,21:04:47.0,594.62,4603,594.64,1,594.68,8,220225,2.7361e+09
au2412,21:04:47.500,594.64,4610,594.62,4,594.68,8,220228,2.74026e+09
au2412,21:04:48.0,594.64,4614,594.64,5,594.68,7,220229,2.74264e+09
au2412,21:04:48.500,594.64,4618,594.64,4,594.68,7,220227,2.74501e+09
au2412,21:04:49.0,594.64,4622,594.64,3,594.68,5,220227,2.74739e+09
au2412,21:04:49.500,594.64,4625,594.64,1,594.68,5,220226,2.74918e+09
au2412,21:04:50.0,594.66,4628,594.62,6,594.64,1,220225,2.75096e+09
au2412,21:04:50.500,594.62,4633,594.6,9,594.66,5,220225,2.75393e+09
au2412,21:04:51.0,594.64,4638,594.62,1,594.64,10,220225,2.75691e+09
au2412,21:04:51.500,594.62,4640,594.6,8,594.62,2,220225,2.7581e+09
au2412,21:04:52.0,594.62,4642,594.6,8,594.62,2,220226,2.75929e+09
au2412,21:04:52.500,594.62,4647,594.6,7,594.62,1,220228,2.76226e+09
au2412,21:04:53.0,594.62,4654,594.6,6,594.62,1,220233,2.76642e+09
au2412,21:04:53.500,594.64,4659,594.62,1,594.64,6,220233,2.76939e+09
au2412,21:04:54.0,594.64,4662,594.62,3,594.64,5,220235,2.77118e+09
au2412,21:04:54.500,594.64,4663,594.62,6,594.64,5,220236,2.77177e+09
au2412,21:04:55.0,594.62,4669,594.62,5,594.66,6,220237,2.77534e+09
au2412,21:04:55.500,594.64,4675,594.64,9,594.66,1,220233,2.77891e+09
au2412,21:04:56.0,594.66,4683,594.66,23,594.68,1,220236,2.78367e+09
au2412,21:04:56.500,594.7,4686,594.68,4,594.7,15,220236,2.78545e+09
au2412,21:04:57.0,594.72,4706,594.7,2,594.74,1,220223,2.79734e+09
au2412,21:04:57.500,594.7,4708,594.72,1,594.74,2,220225,2.79853e+09
au2412,21:04:58.0,594.74,4723,594.72,1,594.74,4,220225,2.80745e+09
au2412,21:04:58.500,594.7,4734,594.68,2,594.7,7,220221,2.814e+09
au2412,21:04:59.0,594.7,4747,594.7,2,594.72,1,220217,2.82173e+09
au2412,21:04:59.500,594.7,4752,594.68,3,594.7,1,220222,2.8247e+09
au2412,21:05:00.0,594.7,4763,594.68,4,594.7,9,220222,2.83124e+09
au2412,21:05:00.500,594.68,4776,594.66,5,594.68,4,220227,2.83897e+09
au2412,21:05:01.0,594.7,4783,594.66,5,594.7,7,220228,2.84314e+09
au2412,21:05:01.500,594.7,4785,594.7,3,594.72,9,220227,2.84433e+09
au2412,21:05:02.0,594.7,4786,594.7,3,594.72,8,220227,2.84492e+09
au2412,21:05:02.500,594.7,4793,594.7,21,594.72,4,220226,2.84908e+09
au2412,21:05:03.0,594.72,4799,594.72,23,594.74,2,220224,2.85265e+09
au2412,21:05:03.500,594.72,4823,594.74,1,594.76,6,220241,2.86693e+09
au2412,21:05:04.0,594.74,4834,594.72,2,594.74,20,220244,2.87347e+09
au2412,21:05:04.500,594.72,4836,594.7,18,594.72,3,220244,2.87466e+09
au2412,21:05:05.0,594.74,4862,594.7,6,594.72,1,220242,2.89012e+09
au2412,21:05:05.500,594.72,4866,594.72,2,594.74,22,220245,2.8925e+09
au2412,21:05:06.0,594.74,4869,594.72,3,594.74,20,220245,2.89428e+09
au2412,21:05:06.500,594.72,4876,594.7,8,594.74,15,220242,2.89845e+09
au2412,21:05:07.0,594.7,4881,594.7,7,594.74,15,220241,2.90142e+09
au2412,21:05:07.500,594.74,4884,594.72,4,594.74,12,220240,2.9032e+09
au2412,21:05:08.0,594.72,4892,594.72,1,594.74,8,220245,2.90796e+09
au2412,21:05:08.500,594.74,4894,594.72,3,594.74,7,220247,2.90915e+09
au2412,21:05:09.0,594.74,4899,594.7,8,594.74,6,220245,2.91212e+09
au2412,21:05:09.500,594.72,4900,594.7,7,594.72,12,220245,2.91272e+09
au2412,21:05:10.0,594.74,4952,594.74,6,594.76,2,220229,2.94364e+09
au2412,21:05:10.500,594.74,4992,594.7,1,594.74,5,220239,2.96743e+09
au2412,21:05:11.0,594.74,4992,594.72,3,594.74,5,220239,2.96743e+09
au2412,21:05:11.500,594.72,4993,594.72,4,594.74,2,220238,2.96803e+09
au2412,21:05:12.0,594.74,4995,594.72,4,594.76,4,220238,2.96922e+09
au2412,21:05:12.500,594.74,4996,594.72,4,594.74,1,220238,2.96981e+09
au2412,21:05:13.0,594.74,4997,594.72,5,594.74,2,220238,2.97041e+09
au2412,21:05:13.500,594.76,5006,594.76,41,594.78,15,220242,2.97576e+09
au2412,21:05:14.0,594.76,5026,594.76,60,594.78,1,220240,2.98766e+09
au2412,21:05:14.500,594.8,5036,594.78,15,594.8,3,220245,2.9936e+09
au2412,21:05:15.0,594.8,5046,594.8,16,594.84,1,220242,2.99955e+09
au2412,21:05:15.500,594.88,5118,594.82,2,594.9,1,220211,3.04239e+09
au2412,21:05:16.0,594.9,5139,594.86,1,594.9,15,220213,3.05488e+09
au2412,21:05:16.500,594.84,5156,594.82,2,594.86,6,220204,3.06499e+09
au2412,21:05:17.0,594.86,5173,594.84,2,594.86,6,220207,3.0751e+09
au2412,21:05:17.500,594.86,5187,594.84,7,594.9,5,220208,3.08343e+09
au2412,21:05:18.0,594.88,5191,594.86,3,594.88,7,220210,3.08581e+09
au2412,21:05:18.500,594.86,5196,594.84,7,594.88,8,220207,3.08878e+09
au2412,21:05:19.0,594.86,5196,594.86,1,594.88,8,220207,3.08878e+09
au2412,21:05:19.500,594.88,5201,594.84,2,594.86,1,220207,3.09176e+09
au2412,21:05:20.0,594.88,5208,594.84,5,594.88,4,220209,3.09592e+09
au2412,21:05:20.500,594.84,5214,594.82,2,594.86,1,220209,3.09949e+09
au2412,21:05:21.0,594.86,5219,594.82,3,594.86,5,220211,3.10247e+09
au2412,21:05:21.500,594.84,5228,594.8,13,594.84,1,220208,3.10782e+09
au2412,21:05:22.0,594.84,5242,594.82,3,594.86,5,220220,3.11615e+09
au2412,21:05:22.500,594.84,5242,594.82,4,594.84,1,220220,3.11615e+09
au2412,21:05:23.0,594.82,5245,594.82,3,594.84,3,220220,3.11793e+09
au2412,21:05:23.500,594.82,5249,594.8,9,594.84,5,220219,3.12031e+09
au2412,21:05:24.0,594.82,5250,594.8,9,594.82,1,220219,3.12091e+09
au2412,21:05:24.500,594.82,5256,594.8,8,594.84,4,220215,3.12448e+09
au2412,21:05:25.0,594.84,5262,594.82,1,594.86,4,220217,3.12804e+09
au2412,21:05:25.500,594.82,5274,594.8,3,594.82,1,220222,3.13518e+09
au2412,21:05:26.0,594.82,5285,594.78,10,594.82,14,220224,3.14172e+09
au2412,21:05:26.500,594.8,5287,594.78,8,594.8,5,220224,3.14291e+09
au2412,21:05:27.0,594.78,5299,594.76,25,594.78,4,220219,3.15005e+09
au2412,21:05:27.500,594.78,5338,594.74,7,594.78,3,220231,3.17325e+09
au2412,21:05:28.0,594.74,5347,594.74,1,594.76,10,220238,3.1786e+09
au2412,21:05:28.500,594.74,5351,594.72,2,594.74,1,220238,3.18098e+09
au2412,21:05:29.0,594.72,5358,594.72,3,594.74,1,220236,3.18514e+09
au2412,21:05:29.500,594.74,5367,594.74,12,594.76,8,220235,3.1905e+09
au2412,21:05:30.0,594.7,5395,594.68,2,594.72,3,220235,3.20715e+09
au2412,21:05:30.500,594.7,5402,594.68,2,594.7,3,220235,3.21131e+09
au2412,21:05:31.0,594.7,5417,594.68,2,594.7,1,220233,3.22023e+09
au2412,21:05:31.500,594.7,5421,594.68,3,594.7,2,220237,3.22261e+09
au2412,21:05:32.0,594.7,5437,594.68,1,594.74,11,220229,3.23213e+09
au2412,21:05:32.500,594.7,5437,594.7,1,594.72,8,220229,3.23213e+09
au2412,21:05:33.0,594.68,5439,594.68,2,594.72,7,220229,3.23331e+09
au2412,21:05:33.500,594.68,5442,594.66,2,594.68,2,220228,3.2351e+09
au2412,21:05:34.0,594.68,5447,594.68,1,594.7,1,220225,3.23807e+09
au2412,21:05:34.500,594.7,5449,594.66,8,594.68,2,220225,3.23926e+09
au2412,21:05:35.0,594.68,5452,594.66,5,594.68,10,220227,3.24105e+09
au2412,21:05:35.500,594.66,5459,594.64,2,594.66,4,220225,3.24521e+09
au2412,21:05:36.0,594.64,5467,594.64,3,594.68,10,220226,3.24997e+09
au2412,21:05:36.500,594.66,5476,594.66,4,594.68,7,220220,3.25532e+09
au2412,21:05:37.0,594.66,5480,594.62,12,594.64,2,220217,3.2577e+09
au2412,21:05:37.500,594.64,5484,594.64,6,594.66,1,220213,3.26007e+09
au2412,21:05:38.0,594.66,5488,594.64,5,594.68,6,220212,3.26245e+09
au2412,21:05:38.500,594.64,5489,594.64,3,594.68,6,220212,3.26305e+09
au2412,21:05:39.0,594.64,5490,594.64,3,594.66,4,220212,3.26364e+09
au2412,21:05:39.500,594.64,5491,594.64,3,594.66,4,220212,3.26424e+09
au2412,21:05:40.0,594.64,5493,594.62,12,594.64,1,220213,3.26543e+09
au2412,21:05:40.500,594.64,5500,594.66,2,594.68,6,220215,3.26959e+09
au2412,21:05:41.0,594.68,5507,594.68,1,594.72,7,220212,3.27375e+09
au2412,21:05:41.500,594.68,5508,594.7,1,594.72,6,220212,3.27435e+09
au2412,21:05:42.0,594.72,5515,594.7,8,594.74,1,220214,3.27851e+09
au2412,21:05:42.500,594.74,5516,594.74,2,594.76,1,220213,3.2791e+09
au2412,21:05:43.0,594.7,5525,594.74,3,594.76,1,220211,3.28446e+09
au2412,21:05:43.500,594.76,5527,594.74,3,594.78,3,220212,3.28565e+09
au2412,21:05:44.0,594.74,5533,594.72,2,594.76,1,220213,3.28921e+09
au2412,21:05:44.500,594.76,5534,594.72,2,594.74,1,220213,3.28981e+09
au2412,21:05:45.0,594.76,5542,594.76,1,594.78,4,220207,3.29457e+09
au2412,21:05:45.500,594.7,5548,594.68,9,594.74,7,220206,3.29814e+09
au2412,21:05:46.0,594.72,5552,594.66,2,594.72,3,220203,3.30051e+09
au2412,21:05:46.500,594.68,5553,594.68,2,594.72,4,220203,3.30111e+09
au2412,21:05:47.0,594.7,5558,594.68,5,594.7,2,220204,3.30408e+09
au2412,21:05:47.500,594.72,5563,594.7,5,594.74,1,220201,3.30706e+09
au2412,21:05:48.0,594.68,5571,594.66,2,594.68,13,220203,3.31181e+09
au2412,21:05:48.500,594.64,5577,594.64,3,594.68,12,220198,3.31538e+09
au2412,21:05:49.0,594.64,5577,594.64,2,594.66,1,220198,3.31538e+09
au2412,21:05:49.500,594.68,5581,594.66,1,594.68,11,220198,3.31776e+09
au2412,21:05:50.0,594.66,5584,594.64,5,594.66,1,220199,3.31954e+09
au2412,21:05:50.500,594.68,5586,594.66,2,594.68,8,220198,3.32073e+09
au2412,21:05:51.0,594.66,5590,594.64,5,594.66,1,220199,3.32311e+09
au2412,21:05:51.500,594.66,5591,594.64,5,594.68,7,220198,3.32371e+09
au2412,21:05:52.0,594.66,5591,594.64,6,594.68,7,220198,3.32371e+09
au2412,21:05:52.500,594.68,5592,594.64,6,594.68,7,220199,3.3243e+09
au2412,21:05:53.0,594.68,5594,594.66,3,594.68,6,220200,3.32549e+09
au2412,21:05:53.500,594.68,5594,594.66,3,594.68,7,220200,3.32549e+09
au2412,21:05:54.0,594.64,5597,594.64,6,594.68,7,220199,3.32728e+09
au2412,21:05:54.500,594.66,5598,594.64,5,594.66,1,220199,3.32787e+09
au2412,21:05:55.0,594.64,5600,594.64,3,594.66,2,220197,3.32906e+09
au2412,21:05:55.500,594.68,5605,594.64,4,594.66,1,220196,3.33203e+09
au2412,21:05:56.0,594.68,5605,594.64,5,594.66,1,220196,3.33203e+09
au2412,21:05:56.500,594.66,5607,594.66,2,594.68,8,220196,3.33322e+09
au2412,21:05:57.0,594.66,5609,594.66,1,594.68,7,220196,3.33441e+09
au2412,21:05:57.500,594.64,5612,594.64,4,594.66,1,220197,3.3362e+09
au2412,21:05:58.0,594.66,5616,594.64,3,594.66,1,220195,3.33857e+09
au2412,21:05:58.500,594.64,5617,594.64,3,594.66,1,220195,3.33917e+09
au2412,21:05:59.0,594.62,5622,594.62,13,594.66,1,220196,3.34214e+09
au2412,21:05:59.500,594.62,5622,594.64,1,594.66,3,220196,3.34214e+09
au2412,21:06:00.0,594.64,5629,594.62,8,594.64,1,220202,3.3463e+09
au2412,21:06:00.500,594.64,5632,594.64,2,594.66,5,220203,3.34809e+09
au2412,21:06:01.0,594.66,5639,594.64,12,594.68,8,220198,3.35225e+09
au2412,21:06:01.500,594.68,5652,594.66,8,594.68,1,220201,3.35998e+09
au2412,21:06:02.0,594.68,5656,594.68,13,594.74,3,220200,3.36236e+09
au2412,21:06:02.500,594.68,5656,594.7,2,594.72,6,220200,3.36236e+09
au2412,21:06:03.0,594.68,5660,594.68,20,594.7,10,220199,3.36474e+09
au2412,21:06:03.500,594.7,5674,594.68,16,594.7,3,220204,3.37306e+09
au2412,21:06:04.0,594.7,5674,594.68,15,594.7,2,220204,3.37306e+09
au2412,21:06:04.500,594.7,5680,594.68,15,594.72,1,220202,3.37663e+09
au2412,21:06:05.0,594.68,5687,594.68,12,594.72,9,220204,3.3808e+09
au2412,21:06:05.500,594.7,5712,594.64,13,594.7,4,220220,3.39566e+09
au2412,21:06:06.0,594.64,5713,594.64,12,594.68,4,220220,3.39626e+09
au2412,21:06:06.500,594.64,5713,594.64,13,594.68,5,220220,3.39626e+09
au2412,21:06:07.0,594.68,5715,594.64,14,594.68,3,220219,3.39745e+09
au2412,21:06:07.500,594.68,5719,594.64,13,594.7,3,220218,3.39983e+09
au2412,21:06:08.0,594.68,5719,594.64,13,594.68,1,220218,3.39983e+09
au2412,21:06:08.500,594.68,5722,594.68,6,594.7,5,220218,3.40161e+09
au2412,21:06:09.0,594.7,5727,594.68,2,594.7,4,220220,3.40458e+09
au2412,21:06:09.500,594.7,5727,594.68,2,594.7,4,220220,3.40458e+09
au2412,21:06:10.0,594.7,5727,594.68,3,594.7,4,220220,3.40458e+09
au2412,21:06:10.500,594.7,5729,594.68,3,594.7,2,220219,3.40577e+09
au2412,21:06:11.0,594.68,5736,594.66,1,594.72,4,220218,3.40993e+09
au2412,21:06:11.500,594.68,5741,594.66,10,594.68,16,220218,3.41291e+09
au2412,21:06:12.0,594.68,5757,594.68,8,594.7,1,220233,3.42242e+09
au2412,21:06:12.500,594.68,5762,594.68,6,594.72,2,220231,3.4254e+09
au2412,21:06:13.0,594.68,5762,594.68,8,594.72,1,220231,3.4254e+09
au2412,21:06:13.500,594.7,5763,594.68,11,594.7,7,220232,3.42599e+09
au2412,21:06:14.0,594.7,5765,594.7,4,594.72,1,220232,3.42718e+09
au2412,21:06:14.500,594.72,5767,594.7,5,594.72,6,220232,3.42837e+09
au2412,21:06:15.0,594.7,5768,594.7,4,594.72,8,220231,3.42896e+09
au2412,21:06:15.500,594.7,5769,594.7,3,594.72,8,220231,3.42956e+09
au2412,21:06:16.0,594.7,5773,594.68,9,594.7,17,220232,3.43194e+09
au2412,21:06:16.500,594.7,5783,594.66,4,594.7,16,220235,3.43789e+09
au2412,21:06:17.0,594.7,5783,594.66,1,594.7,16,220235,3.43789e+09
au2412,21:06:17.500,594.66,5790,594.64,14,594.66,5,220230,3.44205e+09
au2412,21:06:18.0,594.66,5795,594.66,43,594.68,4,220229,3.44502e+09
au2412,21:06:18.500,594.68,5802,594.66,43,594.7,15,220225,3.44918e+09
au2412,21:06:19.0,594.68,5802,594.68,1,594.7,16,220225,3.44918e+09
au2412,21:06:19.500,594.7,5825,594.7,1,594.72,4,220240,3.46286e+09
au2412,21:06:20.0,594.72,5829,594.72,4,594.74,3,220240,3.46524e+09
au2412,21:06:20.500,594.72,5839,594.7,9,594.76,6,220240,3.47119e+09
au2412,21:06:21.0,594.76,5840,594.72,3,594.74,2,220240,3.47178e+09
au2412,21:06:21.500,594.7,5847,594.7,4,594.74,5,220237,3.47595e+09
au2412,21:06:22.0,594.7,5848,594.68,10,594.7,11,220238,3.47654e+09
au2412,21:06:22.500,594.68,5860,594.66,46,594.68,2,220239,3.48368e+09
au2412,21:06:23.0,594.68,5863,594.66,44,594.68,2,220239,3.48546e+09
au2412,21:06:23.500,594.68,5876,594.66,35,594.68,2,220237,3.49319e+09
au2412,21:06:24.0,594.68,5882,594.66,35,594.68,2,220238,3.49676e+09
au2412,21:06:24.500,594.68,5920,594.68,4,594.7,32,220208,3.51936e+09
au2412,21:06:25.0,594.68,5925,594.64,14,594.68,40,220209,3.52233e+09
au2412,21:06:25.500,594.66,5938,594.64,3,594.66,6,220208,3.53006e+09
au2412,21:06:26.0,594.64,5942,594.62,11,594.64,21,220207,3.53244e+09
au2412,21:06:26.500,594.62,5953,594.6,13,594.62,3,220205,3.53898e+09
au2412,21:06:27.0,594.58,5972,594.56,3,594.58,3,220211,3.55028e+09
au2412,21:06:27.500,594.56,5977,594.54,2,594.56,1,220210,3.55325e+09
au2412,21:06:28.0,594.62,5995,594.62,1,594.64,11,220218,3.56395e+09
au2412,21:06:28.500,594.58,5998,594.56,2,594.62,35,220218,3.56574e+09
au2412,21:06:29.0,594.58,6000,594.58,2,594.6,2,220217,3.56693e+09
au2412,21:06:29.500,594.58,6004,594.56,4,594.6,8,220219,3.5693e+09
au2412,21:06:30.0,594.58,6004,594.56,4,594.58,1,220219,3.5693e+09
au2412,21:06:30.500,594.58,6014,594.56,1,594.58,11,220225,3.57525e+09
au2412,21:06:31.0,594.56,6020,594.54,3,594.56,1,220221,3.57882e+09
au2412,21:06:31.500,594.56,6031,594.54,5,594.58,5,220218,3.58536e+09
au2412,21:06:32.0,594.56,6035,594.56,11,594.58,2,220218,3.58774e+09
au2412,21:06:32.500,594.58,6037,594.56,11,594.6,6,220220,3.58892e+09
au2412,21:06:33.0,594.58,6037,594.58,2,594.6,8,220220,3.58892e+09
au2412,21:06:33.500,594.58,6045,594.56,2,594.58,3,220221,3.59368e+09
au2412,21:06:34.0,594.56,6048,594.58,1,594.6,7,220222,3.59546e+09
au2412,21:06:34.500,594.56,6050,594.56,4,594.6,7,220222,3.59665e+09
au2412,21:06:35.0,594.54,6058,594.52,3,594.58,1,220228,3.60141e+09
au2412,21:06:35.500,594.54,6062,594.54,6,594.58,3,220232,3.60379e+09
au2412,21:06:36.0,594.56,6083,594.54,2,594.58,2,220238,3.61627e+09
au2412,21:06:36.500,594.58,6089,594.56,1,594.58,3,220233,3.61984e+09
au2412,21:06:37.0,594.56,6095,594.56,7,594.6,1,220232,3.62341e+09
au2412,21:06:37.500,594.6,6097,594.58,2,594.6,1,220230,3.6246e+09
au2412,21:06:38.0,594.6,6097,594.58,3,594.6,2,220230,3.6246e+09
au2412,21:06:38.500,594.58,6100,594.56,6,594.62,3,220232,3.62638e+09
au2412,21:06:39.0,594.6,6102,594.56,6,594.6,3,220234,3.62757e+09
au2412,21:06:39.500,594.58,6104,594.56,6,594.6,3,220234,3.62876e+09
au2412,21:06:40.0,594.54,6115,594.52,3,594.54,3,220228,3.6353e+09
au2412,21:06:40.500,594.54,6120,594.52,1,594.56,7,220230,3.63827e+09
au2412,21:06:41.0,594.52,6121,594.52,4,594.54,1,220231,3.63887e+09
au2412,21:06:41.500,594.54,6123,594.52,4,594.56,1,220231,3.64006e+09
au2412,21:06:42.0,594.56,6124,594.54,3,594.56,1,220230,3.64065e+09
au2412,21:06:42.500,594.54,6125,594.54,3,594.58,2,220231,3.64125e+09
au2412,21:06:43.0,594.58,6127,594.56,2,594.58,3,220229,3.64244e+09
au2412,21:06:43.500,594.58,6127,594.56,4,594.6,3,220229,3.64244e+09
au2412,21:06:44.0,594.6,6128,594.56,14,594.6,2,220229,3.64303e+09
au2412,21:06:44.500,594.6,6128,594.58,1,594.6,3,220229,3.64303e+09
au2412,21:06:45.0,594.62,6136,594.6,9,594.64,5,220228,3.64779e+09
au2412,21:06:45.500,594.62,6138,594.6,9,594.64,4,220228,3.64898e+09
au2412,21:06:46.0,594.6,6139,594.6,8,594.62,1,220228,3.64957e+09
au2412,21:06:46.500,594.6,6139,594.6,8,594.62,1,220228,3.64957e+09
au2412,21:06:47.0,594.6,6141,594.6,7,594.62,1,220228,3.65076e+09
au2412,21:06:47.500,594.6,6152,594.6,1,594.64,2,220231,3.6573e+09
au2412,21:06:48.0,594.6,6152,594.6,6,594.62,4,220231,3.6573e+09
au2412,21:06:48.500,594.6,6152,594.6,5,594.62,4,220231,3.6573e+09
au2412,21:06:49.0,594.62,6155,594.6,4,594.62,2,220234,3.65908e+09
au2412,21:06:49.500,594.6,6156,594.6,4,594.62,2,220233,3.65968e+09
au2412,21:06:50.0,594.62,6157,594.6,4,594.62,1,220233,3.66027e+09
au2412,21:06:50.500,594.6,6160,594.6,2,594.62,1,220236,3.66206e+09
au2412,21:06:51.0,594.6,6163,594.58,2,594.6,2,220234,3.66384e+09
au2412,21:06:51.500,594.6,6163,594.58,1,594.6,6,220234,3.66384e+09
au2412,21:06:52.0,594.6,6167,594.56,16,594.6,6,220232,3.66622e+09
au2412,21:06:52.500,594.6,6167,594.56,16,594.6,6,220232,3.66622e+09
au2412,21:06:53.0,594.58,6175,594.56,15,594.58,2,220235,3.67098e+09
au2412,21:06:53.500,594.58,6181,594.56,15,594.6,3,220234,3.67454e+09
au2412,21:06:54.0,594.56,6186,594.56,9,594.58,1,220230,3.67752e+09
au2412,21:06:54.500,594.58,6187,594.56,9,594.58,5,220230,3.67811e+09
au2412,21:06:55.0,594.56,6196,594.54,2,594.58,3,220232,3.68346e+09
au2412,21:06:55.500,594.56,6200,594.54,3,594.56,1,220233,3.68584e+09
au2412,21:06:56.0,594.56,6201,594.54,2,594.56,1,220234,3.68644e+09
au2412,21:06:56.500,594.56,6201,594.54,2,594.56,7,220234,3.68644e+09
au2412,21:06:57.0,594.54,6202,594.54,1,594.56,4,220234,3.68703e+09
au2412,21:06:57.500,594.54,6205,594.52,6,594.54,5,220234,3.68881e+09
au2412,21:06:58.0,594.52,6206,594.52,5,594.54,5,220234,3.68941e+09
au2412,21:06:58.500,594.54,6211,594.52,4,594.54,3,220235,3.69238e+09
au2412,21:06:59.0,594.54,6214,594.54,3,594.58,4,220235,3.69416e+09
au2412,21:06:59.500,594.58,6218,594.52,4,594.56,4,220233,3.69654e+09
au2412,21:07:00.0,594.46,6250,594.44,10,594.46,1,220241,3.71557e+09
au2412,21:07:00.500,594.44,6265,594.42,3,594.44,4,220242,3.72448e+09
au2412,21:07:01.0,594.44,6272,594.4,5,594.44,6,220243,3.72864e+09
au2412,21:07:01.500,594.44,6281,594.42,8,594.46,10,220240,3.73399e+09
au2412,21:07:02.0,594.46,6290,594.46,3,594.48,1,220245,3.73934e+09
au2412,21:07:02.500,594.48,6291,594.46,1,594.52,9,220245,3.73994e+09
au2412,21:07:03.0,594.46,6293,594.48,1,594.5,7,220243,3.74113e+09
au2412,21:07:03.500,594.46,6296,594.46,1,594.48,5,220244,3.74291e+09
au2412,21:07:04.0,594.46,6298,594.44,7,594.46,1,220242,3.7441e+09
au2412,21:07:04.500,594.46,6300,594.44,7,594.46,11,220241,3.74529e+09
au2412,21:07:05.0,594.44,6302,594.44,5,594.46,11,220240,3.74648e+09
au2412,21:07:05.500,594.48,6320,594.46,2,594.48,4,220227,3.75718e+09
au2412,21:07:06.0,594.48,6322,594.46,2,594.5,4,220225,3.75837e+09
au2412,21:07:06.500,594.48,6322,594.48,1,594.5,5,220225,3.75837e+09
au2412,21:07:07.0,594.46,6323,594.46,4,594.5,2,220225,3.75896e+09
au2412,21:07:07.500,594.48,6326,594.48,3,594.52,7,220226,3.76074e+09
au2412,21:07:08.0,594.52,6334,594.5,5,594.54,4,220224,3.7655e+09
au2412,21:07:08.500,594.54,6339,594.54,1,594.56,1,220224,3.76847e+09
au2412,21:07:09.0,594.56,6341,594.54,2,594.56,4,220224,3.76966e+09
au2412,21:07:09.500,594.56,6346,594.52,6,594.56,2,220223,3.77264e+09
au2412,21:07:10.0,594.52,6347,594.52,5,594.56,9,220222,3.77323e+09
au2412,21:07:10.500,594.54,6349,594.52,2,594.54,1,220222,3.77442e+09
au2412,21:07:11.0,594.54,6349,594.52,5,594.54,7,220222,3.77442e+09
au2412,21:07:11.500,594.54,6350,594.52,2,594.54,6,220221,3.77501e+09
au2412,21:07:12.0,594.54,6364,594.54,5,594.56,4,220218,3.78334e+09
au2412,21:07:12.500,594.56,6369,594.56,15,594.58,3,220221,3.78631e+09
au2412,21:07:13.0,594.58,6374,594.56,16,594.6,2,220220,3.78928e+09
au2412,21:07:13.500,594.58,6376,594.58,3,594.6,6,220221,3.79047e+09
au2412,21:07:14.0,594.56,6378,594.56,16,594.6,6,220220,3.79166e+09
au2412,21:07:14.500,594.56,6379,594.58,6,594.6,6,220220,3.79226e+09
au2412,21:07:15.0,594.6,6380,594.58,6,594.6,5,220220,3.79285e+09
au2412,21:07:15.500,594.6,6386,594.6,2,594.62,6,220217,3.79642e+09
au2412,21:07:16.0,594.6,6386,594.6,6,594.62,2,220217,3.79642e+09
au2412,21:07:16.500,594.6,6390,594.6,6,594.64,4,220221,3.7988e+09
au2412,21:07:17.0,594.6,6390,594.6,6,594.64,4,220221,3.7988e+09
au2412,21:07:17.500,594.62,6394,594.6,4,594.64,3,220223,3.80117e+09
au2412,21:07:18.0,594.62,6394,594.62,1,594.64,3,220223,3.80117e+09
au2412,21:07:18.500,594.62,6398,594.6,2,594.62,1,220226,3.80355e+09
au2412,21:07:19.0,594.62,6398,594.6,2,594.62,2,220226,3.80355e+09
au2412,21:07:19.500,594.62,6399,594.6,6,594.62,1,220225,3.80415e+09
au2412,21:07:42.0,594.68,6554,594.68,6,594.7,2,220237,3.89632e+09
au2412,21:07:42.500,594.68,6556,594.66,6,594.7,4,220237,3.89751e+09
au2412,21:07:43.0,594.7,6557,594.66,5,594.7,4,220237,3.89811e+09
au2412,21:07:43.500,594.7,6558,594.66,5,594.7,4,220237,3.8987e+09
au2412,21:07:44.0,594.7,6558,594.66,5,594.7,4,220237,3.8987e+09
au2412,21:07:44.500,594.7,6560,594.68,1,594.7,2,220239,3.89989e+09
au2412,21:07:45.0,594.7,6560,594.68,7,594.7,1,220239,3.89989e+09
au2412,21:07:45.500,594.66,6568,594.66,4,594.7,5,220233,3.90465e+09
au2412,21:07:46.0,594.7,6570,594.66,4,594.7,3,220232,3.90584e+09
au2412,21:07:46.500,594.7,6570,594.66,4,594.7,4,220232,3.90584e+09
au2412,21:07:47.0,594.66,6575,594.64,16,594.7,3,220230,3.90881e+09
au2412,21:07:47.500,594.68,6580,594.64,16,594.7,3,220232,3.91178e+09
au2412,21:07:48.0,594.68,6580,594.66,5,594.68,2,220232,3.91178e+09
au2412,21:07:48.500,594.68,6584,594.68,4,594.7,4,220233,3.91416e+09
au2412,21:07:49.0,594.68,6584,594.68,4,594.7,3,220233,3.91416e+09
au2412,21:07:49.500,594.64,6595,594.64,14,594.7,4,220238,3.9207e+09
au2412,21:07:50.0,594.64,6595,594.66,5,594.68,2,220238,3.9207e+09
au2412,21:07:50.500,594.74,6619,594.72,6,594.76,1,220232,3.93498e+09
au2412,21:07:51.0,594.76,6620,594.74,7,594.76,1,220232,3.93557e+09
au2412,21:07:51.500,594.76,6623,594.76,3,594.78,5,220232,3.93736e+09
au2412,21:07:52.0,594.78,6627,594.76,2,594.78,1,220233,3.93973e+09
au2412,21:07:52.500,594.78,6646,594.78,3,594.82,2,220228,3.95104e+09
au2412,21:07:53.0,594.86,6658,594.84,1,594.88,5,220226,3.95817e+09
au2412,21:07:53.500,594.88,6671,594.86,3,594.9,1,220226,3.96591e+09
au2412,21:07:54.0,594.86,6674,594.84,5,594.88,1,220227,3.96769e+09
au2412,21:07:54.500,594.88,6679,594.84,2,594.88,3,220230,3.97067e+09
au2412,21:07:55.0,594.86,6690,594.84,1,594.86,1,220226,3.97721e+09
au2412,21:07:55.500,594.82,6695,594.82,1,594.84,2,220226,3.98018e+09
au2412,21:07:56.0,594.8,6700,594.8,2,594.82,3,220224,3.98316e+09
au2412,21:07:56.500,594.82,6703,594.78,2,594.84,7,220222,3.98494e+09
au2412,21:07:57.0,594.84,6704,594.8,4,594.82,1,220221,3.98554e+09
au2412,21:07:57.500,594.8,6710,594.78,7,594.8,17,220220,3.98911e+09
au2412,21:07:58.0,594.78,6715,594.76,5,594.8,18,220219,3.99208e+09
au2412,21:07:58.500,594.8,6721,594.78,1,594.8,12,220217,3.99565e+09
au2412,21:07:59.0,594.8,6725,594.78,5,594.8,9,220217,3.99803e+09
au2412,21:07:59.500,594.8,6743,594.74,3,594.84,5,220217,4.00873e+09
au2412,21:08:00.0,594.82,6760,594.74,5,594.82,9,220219,4.01885e+09
au2412,21:08:00.500,594.8,6761,594.76,3,594.8,1,220220,4.01944e+09
au2412,21:08:01.0,594.78,6762,594.78,2,594.8,1,220219,4.02004e+09
au2412,21:08:01.500,594.8,6763,594.78,4,594.8,3,220220,4.02063e+09
au2412,21:08:02.0,594.8,6765,594.78,3,594.8,2,220219,4.02182e+09
au2412,21:08:02.500,594.78,6769,594.76,3,594.8,5,220219,4.0242e+09
au2412,21:08:03.0,594.8,6771,594.76,3,594.78,1,220219,4.02539e+09
au2412,21:08:03.500,594.8,6774,594.8,10,594.82,8,220219,4.02717e+09
au2412,21:08:04.0,594.8,6784,594.8,2,594.82,7,220213,4.03312e+09
au2412,21:08:04.500,594.8,6786,594.78,5,594.8,2,220212,4.03431e+09
au2412,21:08:05.0,594.8,6792,594.8,1,594.82,5,220211,4.03788e+09
au2412,21:08:05.500,594.82,6799,594.82,2,594.84,4,220208,4.04204e+09
au2412,21:08:06.0,594.84,6805,594.8,4,594.84,3,220206,4.04561e+09
au2412,21:08:06.500,594.84,6807,594.82,4,594.84,2,220207,4.0468e+09
au2412,21:08:07.0,594.84,6811,594.84,6,594.86,3,220210,4.04918e+09
au2412,21:08:07.500,594.84,6813,594.84,9,594.86,2,220210,4.05037e+09
au2412,21:08:08.0,594.86,6815,594.86,4,594.88,1,220210,4.05156e+09
au2412,21:08:08.500,594.9,6818,594.88,5,594.9,2,220211,4.05335e+09
au2412,21:08:09.0,594.9,6826,594.9,4,594.92,1,220210,4.0581e+09
au2412,21:08:09.500,594.92,6837,594.9,16,594.92,8,220206,4.06465e+09
au2412,21:08:10.0,594.9,6840,594.9,17,594.92,6,220206,4.06643e+09
au2412,21:08:10.500,594.92,6864,594.92,2,594.94,1,220205,4.08071e+09
au2412,21:08:11.0,594.92,6870,594.9,5,594.94,7,220203,4.08428e+09
au2412,21:08:11.500,594.9,6875,594.9,5,594.94,8,220204,4.08725e+09
au2412,21:08:12.0,594.9,6876,594.92,1,594.94,7,220204,4.08785e+09
au2412,21:08:12.500,594.92,6879,594.9,4,594.92,6,220204,4.08963e+09
au2412,21:08:13.0,594.9,6887,594.88,5,594.9,5,220207,4.09439e+09
au2412,21:08:13.500,594.92,6894,594.88,5,594.92,9,220204,4.09856e+09
au2412,21:08:14.0,594.88,6912,594.86,7,594.88,4,220201,4.10927e+09
au2412,21:08:14.500,594.92,6918,594.9,1,594.92,12,220204,4.11284e+09
au2412,21:08:15.0,594.9,6922,594.86,7,594.88,1,220203,4.11521e+09
au2412,21:08:15.500,594.86,6931,594.84,23,594.88,7,220210,4.12057e+09
au2412,21:08:16.0,594.88,6932,594.86,1,594.88,5,220209,4.12116e+09
au2412,21:08:16.500,594.88,6934,594.84,24,594.88,4,220209,4.12235e+09
au2412,21:08:17.0,594.88,6935,594.86,5,594.88,3,220209,4.12295e+09
au2412,21:08:17.500,594.88,6938,594.88,1,594.9,10,220209,4.12473e+09
au2412,21:08:18.0,594.88,6938,594.88,5,594.9,3,220209,4.12473e+09
au2412,21:08:18.500,594.88,6946,594.88,2,594.92,12,220207,4.12949e+09
au2412,21:08:19.0,594.9,6959,594.9,3,594.92,11,220205,4.13723e+09
au2412,21:08:19.500,594.96,6984,594.94,5,594.98,2,220208,4.1521e+09
au2412,21:08:20.0,594.9,7012,594.86,2,594.9,15,220211,4.16876e+09
au2412,21:08:20.500,594.92,7028,594.92,1,594.94,6,220209,4.17828e+09
au2412,21:08:21.0,594.92,7035,594.9,3,594.92,1,220210,4.18244e+09
au2412,21:08:21.500,594.86,7049,594.84,19,594.86,2,220208,4.19077e+09
au2412,21:08:22.0,594.9,7071,594.9,32,594.92,9,220209,4.20385e+09
au2412,21:08:22.500,594.9,7104,594.84,14,594.9,14,220236,4.22349e+09
au2412,21:08:23.0,594.9,7112,594.86,11,594.9,6,220239,4.22825e+09
au2412,21:08:23.500,594.9,7121,594.9,2,594.92,2,220234,4.2336e+09
au2412,21:08:24.0,594.86,7159,594.86,3,594.9,1,220226,4.25621e+09
au2412,21:08:24.500,594.9,7161,594.88,4,594.9,4,220225,4.2574e+09
au2412,21:08:25.0,594.88,7168,594.84,15,594.88,7,220224,4.26156e+09
au2412,21:08:25.500,594.86,7172,594.84,15,594.86,12,220225,4.26394e+09
au2412,21:08:26.0,594.84,7174,594.84,13,594.86,12,220223,4.26513e+09
au2412,21:08:26.500,594.84,7187,594.82,3,594.84,2,220219,4.27286e+09
au2412,21:08:27.0,594.86,7202,594.84,1,594.86,8,220227,4.28178e+09
au2412,21:08:27.500,594.84,7207,594.82,1,594.84,3,220229,4.28476e+09
au2412,21:08:28.0,594.84,7212,594.84,2,594.86,6,220232,4.28773e+09
au2412,21:08:28.500,594.84,7212,594.84,4,594.86,6,220232,4.28773e+09
au2412,21:08:29.0,594.86,7214,594.84,5,594.86,4,220233,4.28892e+09
au2412,21:08:29.500,594.86,7215,594.84,5,594.86,3,220233,4.28952e+09
au2412,21:08:30.0,594.86,7218,594.84,6,594.88,2,220235,4.2913e+09
au2412,21:08:30.500,594.88,7221,594.86,19,594.9,3,220234,4.29309e+09
au2412,21:08:31.0,594.94,7231,594.9,1,594.94,8,220236,4.29904e+09
au2412,21:08:31.500,594.9,7234,594.9,4,594.92,1,220236,4.30082e+09
au2412,21:08:32.0,594.88,7240,594.88,1,594.9,1,220232,4.30439e+09
au2412,21:08:32.500,594.88,7240,594.88,1,594.9,5,220232,4.30439e+09
au2412,21:08:33.0,594.88,7240,594.88,1,594.9,3,220232,4.30439e+09
au2412,21:08:33.500,594.88,7240,594.88,14,594.9,2,220232,4.30439e+09
au2412,21:08:34.0,594.92,7243,594.92,6,594.94,9,220233,4.30617e+09
au2412,21:08:34.500,594.94,7245,594.92,6,594.94,8,220234,4.30736e+09
au2412,21:08:35.0,594.92,7252,594.9,7,594.92,1,220239,4.31153e+09
au2412,21:08:35.500,594.92,7261,594.9,2,594.92,4,220236,4.31688e+09
au2412,21:08:36.0,594.9,7266,594.9,22,594.92,6,220231,4.31986e+09
au2412,21:08:36.500,594.92,7269,594.9,22,594.92,4,220233,4.32164e+09
au2412,21:08:37.0,594.92,7271,594.9,22,594.92,2,220234,4.32283e+09
au2412,21:08:37.500,594.9,7276,594.9,18,594.92,1,220231,4.32581e+09
au2412,21:08:38.0,594.9,7281,594.9,13,594.92,2,220228,4.32878e+09
au2412,21:08:38.500,594.9,7290,594.9,44,594.92,3,220225,4.33414e+09
au2412,21:08:39.0,594.9,7293,594.9,43,594.94,8,220224,4.33592e+09
au2412,21:08:39.500,594.9,7295,594.92,1,594.94,8,220223,4.33711e+09
au2412,21:08:40.0,594.9,7295,594.92,3,594.94,8,220223,4.33711e+09
au2412,21:08:40.500,594.9,7347,594.88,2,594.92,1,220182,4.36805e+09
au2412,21:08:41.0,594.9,7348,594.9,24,594.92,6,220182,4.36864e+09
au2412,21:08:41.500,594.94,7356,594.92,8,594.94,8,220184,4.3734e+09
au2412,21:08:42.0,594.94,7360,594.92,8,594.94,4,220185,4.37578e+09
au2412,21:08:42.500,594.94,7364,594.94,4,594.96,2,220186,4.37816e+09
au2412,21:08:43.0,594.96,7366,594.94,4,594.98,6,220187,4.37935e+09
au2412,21:08:43.500,594.92,7368,594.92,6,594.96,2,220187,4.38054e+09
au2412,21:08:44.0,594.9,7370,594.9,23,594.94,5,220188,4.38173e+09
au2412,21:08:44.500,594.96,7413,594.88,2,594.94,1,220226,4.40731e+09
au2412,21:08:45.0,594.94,7415,594.9,4,594.94,1,220224,4.4085e+09
au2412,21:08:45.500,594.9,7421,594.88,7,594.9,1,220227,4.41207e+09
au2412,21:08:46.0,594.9,7423,594.88,7,594.9,1,220227,4.41326e+09
au2412,21:08:46.500,594.88,7424,594.88,3,594.9,4,220227,4.41385e+09
au2412,21:08:47.0,594.86,7428,594.86,16,594.88,2,220227,4.41623e+09
au2412,21:08:47.500,594.9,7437,594.88,1,594.92,1,220220,4.42159e+09
au2412,21:08:48.0,594.88,7438,594.88,1,594.9,3,220220,4.42218e+09
au2412,21:08:48.500,594.86,7442,594.86,13,594.9,4,220221,4.42456e+09
au2412,21:08:49.0,594.86,7455,594.84,7,594.88,1,220221,4.4323e+09
au2412,21:08:49.500,594.9,7463,594.9,29,594.92,8,220226,4.43705e+09
au2412,21:08:50.0,594.92,7495,594.9,1,594.92,4,220256,4.45609e+09
au2412,21:08:50.500,594.9,7499,594.88,1,594.9,3,220257,4.45847e+09
au2412,21:08:51.0,594.88,7504,594.86,2,594.92,5,220256,4.46145e+09
au2412,21:08:51.500,594.92,7510,594.9,2,594.94,2,220255,4.46501e+09
au2412,21:08:52.0,594.92,7510,594.92,2,594.94,3,220255,4.46501e+09
au2412,21:08:52.500,594.94,7514,594.94,4,594.96,2,220255,4.46739e+09
au2412,21:08:53.0,594.94,7514,594.94,2,594.96,1,220255,4.46739e+09
au2412,21:08:53.500,594.94,7516,594.92,5,594.94,7,220255,4.46858e+09
au2412,21:08:54.0,594.92,7528,594.92,3,594.98,6,220248,4.47572e+09
au2412,21:08:54.500,594.98,7534,594.98,2,595,26,220252,4.47929e+09
au2412,21:08:55.0,594.88,7558,594.86,3,594.9,13,220239,4.49357e+09
au2412,21:08:55.500,594.96,7580,594.94,2,594.98,2,220231,4.50666e+09
au2412,21:08:56.0,594.94,7594,594.92,6,594.94,15,220232,4.51499e+09
au2412,21:08:56.500,594.92,7596,594.92,4,594.94,15,220232,4.51618e+09
au2412,21:08:57.0,594.92,7596,594.92,4,594.94,15,220232,4.51618e+09
au2412,21:08:57.500,594.92,7602,594.9,5,594.92,1,220233,4.51975e+09
au2412,21:08:58.0,594.92,7604,594.9,1,594.92,2,220233,4.52094e+09
au2412,21:08:58.500,594.9,7606,594.88,10,594.92,4,220233,4.52213e+09
au2412,21:08:59.0,594.9,7606,594.88,10,594.92,4,220233,4.52213e+09
au2412,21:08:59.500,594.88,7608,594.88,5,594.9,2,220231,4.52332e+09
au2412,21:09:00.0,594.88,7611,594.88,2,594.9,4,220230,4.5251e+09
au2412,21:09:00.500,594.88,7616,594.86,2,594.88,5,220231,4.52808e+09
au2412,21:09:01.0,594.84,7642,594.82,4,594.86,1,220247,4.54354e+09
au2412,21:09:01.500,594.88,7648,594.88,1,594.9,3,220249,4.54711e+09
au2412,21:09:02.0,594.86,7654,594.82,4,594.86,3,220252,4.55068e+09
au2412,21:09:02.500,594.86,7656,594.82,5,594.86,4,220251,4.55187e+09
au2412,21:09:03.0,594.86,7659,594.84,2,594.86,1,220252,4.55366e+09
au2412,21:09:03.500,594.86,7660,594.86,3,594.88,19,220253,4.55425e+09
au2412,21:09:04.0,594.88,7661,594.84,5,594.88,14,220252,4.55485e+09
au2412,21:09:04.500,594.88,7662,594.86,9,594.88,11,220252,4.55544e+09
au2412,21:09:05.0,594.88,7672,594.86,9,594.92,1,220250,4.56139e+09
au2412,21:09:05.500,594.88,7676,594.88,2,594.92,3,220252,4.56377e+09
au2412,21:09:06.0,594.9,7683,594.9,3,594.92,3,220250,4.56793e+09
au2412,21:09:06.500,594.92,7689,594.92,2,594.94,16,220256,4.5715e+09
au2412,21:09:07.0,594.92,7694,594.9,4,594.94,13,220256,4.57448e+09
au2412,21:09:07.500,594.92,7702,594.92,9,594.94,6,220257,4.57924e+09
au2412,21:09:08.0,594.96,7709,594.94,12,594.96,13,220257,4.5834e+09
au2412,21:09:08.500,594.96,7734,594.96,10,594.98,4,220239,4.59828e+09
au2412,21:09:09.0,594.96,7736,594.96,1,594.98,5,220240,4.59947e+09
au2412,21:09:09.500,594.96,7741,594.94,3,594.96,3,220237,4.60244e+09
au2412,21:09:10.0,594.96,7745,594.94,1,594.96,3,220238,4.60482e+09
au2412,21:09:10.500,594.92,7750,594.9,1,594.92,1,220239,4.60779e+09
au2412,21:09:11.0,594.9,7754,594.88,2,594.94,16,220238,4.61017e+09
au2412,21:09:11.500,594.9,7756,594.88,1,594.92,6,220239,4.61136e+09
au2412,21:09:12.0,594.9,7756,594.86,4,594.88,3,220239,4.61136e+09
au2412,21:09:12.500,594.88,7759,594.86,4,594.88,1,220239,4.61315e+09
au2412,21:09:13.0,594.9,7763,594.88,2,594.9,3,220237,4.61553e+09
au2412,21:09:13.500,594.9,7769,594.86,4,594.92,12,220235,4.6191e+09
au2412,21:09:14.0,594.9,7770,594.86,4,594.9,6,220236,4.61969e+09
au2412,21:09:14.500,594.86,7773,594.86,1,594.9,6,220236,4.62148e+09
au2412,21:09:15.0,594.88,7774,594.86,1,594.9,6,220236,4.62207e+09
au2412,21:09:15.500,594.88,7775,594.86,1,594.88,1,220236,4.62267e+09
au2412,21:09:16.0,594.86,7776,594.84,3,594.86,1,220236,4.62326e+09
au2412,21:09:16.500,594.86,7780,594.84,2,594.88,6,220235,4.62564e+09
au2412,21:09:17.0,594.86,7783,594.82,7,594.86,1,220234,4.62743e+09
au2412,21:09:17.500,594.86,7783,594.82,7,594.86,8,220234,4.62743e+09
au2412,21:09:18.0,594.84,7791,594.8,13,594.82,6,220232,4.63218e+09
au2412,21:09:18.500,594.84,7791,594.8,13,594.82,7,220232,4.63218e+09
au2412,21:09:19.0,594.8,7812,594.76,2,594.8,3,220241,4.64468e+09
au2412,21:09:19.500,594.8,7814,594.76,3,594.8,2,220241,4.64586e+09
au2412,21:09:20.0,594.8,7820,594.8,1,594.82,5,220243,4.64943e+09
au2412,21:09:20.500,594.8,7825,594.78,2,594.8,3,220246,4.65241e+09
au2412,21:09:21.0,594.76,7828,594.76,1,594.8,3,220245,4.65419e+09
au2412,21:09:21.500,594.8,7833,594.76,1,594.8,1,220248,4.65717e+09
au2412,21:09:22.0,594.8,7833,594.76,11,594.8,2,220248,4.65717e+09
au2412,21:09:22.500,594.82,7837,594.8,1,594.82,2,220250,4.65955e+09
au2412,21:09:23.0,594.82,7850,594.78,3,594.84,2,220248,4.66728e+09
au2412,21:09:23.500,594.8,7851,594.8,3,594.82,2,220248,4.66787e+09
au2412,21:09:24.0,594.8,7851,594.8,1,594.82,2,220248,4.66787e+09
au2412,21:09:24.500,594.82,7854,594.8,4,594.84,2,220245,4.66966e+09
au2412,21:09:25.0,594.82,7854,594.8,3,594.84,7,220245,4.66966e+09
au2412,21:09:25.500,594.82,7854,594.8,5,594.82,3,220245,4.66966e+09
au2412,21:09:26.0,594.82,7856,594.8,6,594.84,3,220243,4.67085e+09
au2412,21:09:26.500,594.82,7857,594.82,2,594.84,2,220242,4.67144e+09
au2412,21:09:27.0,594.82,7859,594.82,5,594.84,2,220240,4.67263e+09
au2412,21:09:27.500,594.84,7861,594.82,19,594.84,2,220241,4.67382e+09
au2412,21:09:28.0,594.84,7865,594.84,1,594.86,3,220243,4.6762e+09
au2412,21:09:28.500,594.86,7867,594.82,19,594.88,2,220244,4.67739e+09
au2412,21:09:29.0,594.86,7867,594.84,3,594.86,2,220244,4.67739e+09
au2412,21:09:29.500,594.86,7869,594.86,2,594.88,2,220243,4.67858e+09
au2412,21:09:30.0,594.86,7869,594.84,7,594.88,3,220243,4.67858e+09
au2412,21:09:30.500,594.86,7869,594.84,7,594.88,3,220243,4.67858e+09
au2412,21:09:31.0,594.84,7870,594.84,6,594.88,3,220243,4.67917e+09
au2412,21:09:31.500,594.84,7870,594.86,15,594.88,3,220243,4.67917e+09
au2412,21:09:32.0,594.88,7874,594.88,3,594.9,2,220244,4.68155e+09
au2412,21:09:32.500,594.9,7876,594.88,1,594.9,1,220244,4.68274e+09
au2412,21:09:33.0,594.9,7877,594.88,2,594.9,1,220244,4.68334e+09
au2412,21:09:33.500,594.9,7878,594.88,2,594.9,1,220244,4.68393e+09
au2412,21:09:34.0,594.88,7880,594.86,18,594.9,1,220245,4.68512e+09
au2412,21:09:34.500,594.88,7881,594.86,19,594.9,5,220246,4.68572e+09
au2412,21:09:35.0,594.86,7884,594.86,18,594.9,1,220245,4.6875e+09
au2412,21:09:35.500,594.86,7886,594.88,5,594.9,1,220244,4.68869e+09
au2412,21:09:36.0,594.88,7888,594.86,18,594.88,1,220244,4.68988e+09
au2412,21:09:36.500,594.86,7890,594.86,17,594.88,1,220245,4.69107e+09
au2412,21:09:37.0,594.86,7890,594.86,17,594.88,1,220245,4.69107e+09
au2412,21:09:37.500,594.86,7907,594.86,2,594.88,4,220256,4.70118e+09
au2412,21:09:38.0,594.86,7909,594.84,3,594.86,6,220256,4.70237e+09
au2412,21:09:38.500,594.82,7912,594.82,1,594.86,5,220258,4.70416e+09
au2412,21:09:39.0,594.82,7912,594.82,5,594.86,5,220258,4.70416e+09
au2412,21:09:39.500,594.84,7913,594.82,5,594.84,2,220259,4.70475e+09
au2412,21:09:40.0,594.86,7921,594.82,5,594.88,4,220262,4.70951e+09
au2412,21:09:40.500,594.86,7922,594.84,4,594.92,9,220261,4.71011e+09
au2412,21:09:41.0,594.86,7922,594.86,1,594.9,9,220261,4.71011e+09
au2412,21:09:41.500,594.86,7922,594.86,2,594.9,7,220261,4.71011e+09
au2412,21:09:42.0,594.86,7923,594.86,4,594.9,7,220262,4.7107e+09
au2412,21:09:42.500,594.86,7923,594.86,2,594.9,7,220262,4.7107e+09
au2412,21:09:43.0,594.86,7926,594.84,2,594.86,9,220262,4.71249e+09
au2412,21:09:43.500,594.86,7935,594.86,1,594.9,6,220254,4.71784e+09
au2412,21:09:44.0,594.86,7935,594.86,7,594.9,6,220254,4.71784e+09
au2412,21:09:44.500,594.86,7935,594.86,7,594.9,5,220254,4.71784e+09
au2412,21:09:45.0,594.86,7935,594.86,7,594.9,5,220254,4.71784e+09
au2412,21:09:45.500,594.86,7935,594.88,2,594.9,5,220254,4.71784e+09
au2412,21:09:46.0,594.9,7937,594.88,2,594.9,2,220252,4.71903e+09
au2412,21:09:46.500,594.9,7937,594.88,2,594.9,3,220252,4.71903e+09
au2412,21:09:47.0,594.88,7939,594.86,3,594.88,2,220252,4.72022e+09
au2412,21:09:47.500,594.88,7940,594.86,2,594.9,2,220252,4.72081e+09
au2412,21:09:48.0,594.9,7947,594.9,4,594.92,10,220254,4.72498e+09
au2412,21:09:48.500,594.9,7948,594.9,3,594.92,9,220255,4.72557e+09
au2412,21:09:49.0,594.9,7948,594.9,3,594.92,9,220255,4.72557e+09
au2412,21:09:49.500,594.92,7949,594.9,3,594.92,8,220254,4.72617e+09
au2412,21:09:50.0,594.92,7955,594.9,2,594.92,5,220255,4.72974e+09
au2412,21:09:50.500,594.92,7955,594.9,1,594.92,5,220255,4.72974e+09
au2412,21:09:51.0,594.9,7966,594.88,1,594.94,17,220253,4.73628e+09
au2412,21:09:51.500,594.9,7966,594.9,4,594.92,1,220253,4.73628e+09
au2412,21:09:52.0,594.92,7969,594.9,5,594.94,17,220251,4.73807e+09
au2412,21:09:52.500,594.92,7969,594.92,2,594.94,17,220251,4.73807e+09
au2412,21:09:53.0,594.92,7970,594.92,1,594.94,17,220252,4.73866e+09
au2412,21:09:53.500,594.94,7977,594.92,1,594.94,10,220246,4.74283e+09
au2412,21:09:54.0,594.94,7977,594.92,4,594.94,10,220246,4.74283e+09
au2412,21:09:54.500,594.94,7986,594.92,3,594.94,2,220251,4.74818e+09
au2412,21:09:55.0,594.92,7990,594.92,3,594.94,2,220252,4.75056e+09
au2412,21:09:55.500,594.94,7991,594.92,3,594.94,1,220252,4.75116e+09
au2412,21:09:56.0,594.94,7991,594.92,3,594.94,1,220252,4.75116e+09
au2412,21:09:56.500,594.94,7991,594.92,4,594.94,1,220252,4.75116e+09
au2412,21:09:57.0,594.94,7991,594.92,4,594.94,1,220252,4.75116e+09
au2412,21:09:57.500,594.94,7992,594.92,4,594.96,7,220251,4.75175e+09
au2412,21:09:58.0,594.96,7999,594.94,5,594.96,1,220247,4.75592e+09
au2412,21:09:58.500,594.96,8001,594.94,10,594.98,11,220247,4.75711e+09
au2412,21:09:59.0,594.96,8001,594.94,11,594.98,12,220247,4.75711e+09
au2412,21:09:59.500,594.94,8002,594.96,1,594.98,12,220247,4.7577e+09
au2412,21:10:00.0,594.96,8018,594.94,21,594.98,3,220250,4.76722e+09
au2412,21:10:00.500,594.96,8021,594.96,3,594.98,5,220250,4.769e+09
au2412,21:10:01.0,594.98,8025,594.94,20,594.98,4,220250,4.77138e+09
au2412,21:10:01.500,594.94,8026,594.94,20,594.96,2,220251,4.77198e+09
au2412,21:10:02.0,594.94,8032,594.94,15,594.96,1,220255,4.77555e+09
au2412,21:10:02.500,594.94,8033,594.94,14,594.96,1,220256,4.77614e+09
au2412,21:10:03.0,595,8044,594.94,6,594.98,2,220256,4.78269e+09
au2412,21:10:03.500,595.04,8087,594.98,4,595.04,5,220269,4.80827e+09
au2412,21:10:04.0,594.98,8115,595.04,1,595.1,2,220278,4.82494e+09
au2412,21:10:04.500,595.04,8124,594.98,3,595.04,3,220273,4.83029e+09
au2412,21:10:05.0,595.04,8129,595,10,595.04,6,220270,4.83327e+09
au2412,21:10:05.500,595.02,8130,595.02,1,595.04,6,220271,4.83386e+09
au2412,21:10:06.0,595.04,8138,595,9,595.04,5,220272,4.83862e+09
au2412,21:10:06.500,594.98,8149,595.02,1,595.04,5,220267,4.84517e+09
au2412,21:10:07.0,595.02,8150,594.98,3,595,5,220268,4.84576e+09
au2412,21:10:07.500,594.98,8157,594.96,1,594.98,2,220267,4.84993e+09
au2412,21:10:08.0,594.98,8164,594.96,4,594.98,1,220268,4.85409e+09
au2412,21:10:08.500,594.96,8168,594.96,3,595,4,220266,4.85647e+09
au2412,21:10:09.0,595,8169,594.96,3,595,5,220266,4.85707e+09
au2412,21:10:09.500,595,8169,594.96,3,595,5,220266,4.85707e+09
au2412,21:10:10.0,594.96,8170,594.96,2,595,5,220266,4.85766e+09
au2412,21:10:10.500,594.96,8170,594.96,5,594.98,2,220266,4.85766e+09
au2412,21:10:11.0,595,8176,594.96,4,595,1,220267,4.86123e+09
au2412,21:10:11.500,594.98,8182,594.96,1,595,7,220272,4.8648e+09
au2412,21:10:12.0,594.96,8186,594.92,2,594.96,2,220273,4.86718e+09
au2412,21:10:12.500,594.96,8188,594.92,7,594.98,5,220274,4.86837e+09
au2412,21:10:13.0,594.96,8189,594.94,6,594.96,2,220274,4.86897e+09
au2412,21:10:13.500,595,8198,594.94,5,594.96,3,220276,4.87432e+09
au2412,21:10:14.0,594.96,8201,594.94,5,595,1,220276,4.87611e+09
au2412,21:10:14.500,594.96,8202,594.96,4,595,4,220276,4.8767e+09
au2412,21:10:15.0,594.96,8203,594.96,1,595,7,220276,4.87729e+09
au2412,21:10:15.500,594.96,8207,594.94,5,595,8,220276,4.87967e+09
au2412,21:10:16.0,594.96,8207,594.94,5,594.96,4,220276,4.87967e+09
au2412,21:10:16.500,594.98,8214,594.94,5,594.98,2,220273,4.88384e+09
au2412,21:10:17.0,594.98,8215,594.96,1,594.98,1,220273,4.88443e+09
au2412,21:10:17.500,594.98,8216,594.96,4,595,11,220272,4.88503e+09
au2412,21:10:18.0,594.98,8218,594.98,2,595,8,220271,4.88622e+09
au2412,21:10:18.500,594.98,8224,594.96,2,595,7,220272,4.88979e+09
au2412,21:10:19.0,594.96,8227,594.96,1,595,6,220272,4.89157e+09
au2412,21:10:19.500,594.96,8227,594.96,1,594.98,1,220272,4.89157e+09
au2412,21:10:20.0,595,8231,594.94,3,595,4,220273,4.89395e+09
au2412,21:10:20.500,595,8235,595,6,595.02,6,220273,4.89633e+09
au2412,21:10:21.0,595.02,8244,595.02,5,595.04,2,220267,4.90169e+09
au2412,21:10:21.500,595.04,8246,595.04,9,595.06,4,220267,4.90288e+09
au2412,21:10:22.0,595.04,8262,595.04,5,595.08,4,220261,4.9124e+09
au2412,21:10:22.500,595.04,8265,595.04,8,595.08,4,220261,4.91419e+09
au2412,21:10:23.0,595.04,8265,595.04,8,595.08,4,220261,4.91419e+09
au2412,21:10:23.500,595.08,8268,595.04,6,595.08,3,220260,4.91597e+09
au2412,21:10:24.0,595.08,8273,595.04,2,595.08,5,220258,4.91895e+09
au2412,21:10:24.500,595.04,8283,595.06,1,595.1,5,220258,4.9249e+09
au2412,21:10:25.0,595.04,8285,595.06,4,595.1,4,220259,4.92609e+09
au2412,21:10:25.500,595.04,8286,595.08,2,595.1,5,220259,4.92668e+09
au2412,21:10:26.0,595.08,8313,595.08,1,595.14,1,220266,4.94275e+09
au2412,21:10:26.500,595.08,8315,595.08,2,595.12,4,220265,4.94394e+09
au2412,21:10:27.0,595.1,8316,595.08,3,595.12,4,220265,4.94453e+09
au2412,21:10:27.500,595.1,8321,595.08,2,595.1,3,220265,4.94751e+09
au2412,21:10:28.0,595.12,8334,595.06,2,595.12,1,220263,4.95525e+09
au2412,21:10:28.500,595.06,8344,595.04,6,595.06,1,220257,4.9612e+09
au2412,21:10:29.0,595.06,8348,595.06,12,595.1,2,220255,4.96358e+09
au2412,21:10:29.500,595.06,8348,595.08,2,595.1,4,220255,4.96358e+09
au2412,21:10:30.0,595.16,8364,595.14,3,595.16,3,220256,4.9731e+09
au2412,21:10:30.500,595.14,8394,595.12,4,595.18,2,220239,4.99095e+09
au2412,21:10:31.0,595.14,8407,595.14,9,595.18,2,220238,4.99869e+09
au2412,21:10:31.500,595.14,8409,595.14,2,595.18,2,220238,4.99988e+09
au2412,21:10:32.0,595.14,8414,595.12,13,595.16,4,220239,5.00286e+09
au2412,21:10:32.500,595.16,8416,595.12,13,595.16,7,220238,5.00405e+09
au2412,21:10:33.0,595.16,8421,595.12,9,595.14,35,220234,5.00702e+09
au2412,21:10:33.500,595.1,8437,595.1,10,595.12,1,220236,5.01654e+09
au2412,21:10:34.0,595.12,8440,595.1,8,595.12,2,220235,5.01833e+09
au2412,21:10:34.500,595.12,8444,595.1,5,595.12,3,220233,5.02071e+09
au2412,21:10:35.0,595.12,8449,595.1,2,595.12,3,220231,5.02369e+09
au2412,21:10:35.500,595.1,8451,595.1,5,595.12,4,220231,5.02488e+09
au2412,21:10:36.0,595.12,8453,595.1,3,595.12,3,220231,5.02607e+09
au2412,21:10:36.500,595.1,8456,595.1,1,595.12,4,220231,5.02785e+09
au2412,21:10:37.0,595.12,8503,595.12,2,595.16,26,220226,5.05582e+09
au2412,21:10:37.500,595.12,8506,595.12,1,595.16,26,220224,5.05761e+09
au2412,21:10:38.0,595.1,8510,595.08,4,595.1,1,220223,5.05999e+09
au2412,21:10:38.500,595.16,8530,595.14,1,595.16,12,220218,5.07189e+09
au2412,21:10:39.0,595.1,8541,595.1,6,595.14,1,220215,5.07844e+09
au2412,21:10:39.500,595.1,8543,595.1,5,595.14,12,220217,5.07963e+09
au2412,21:10:40.0,595.14,8553,595.1,3,595.14,5,220217,5.08558e+09
au2412,21:10:40.500,595.14,8557,595.12,1,595.16,11,220217,5.08796e+09
au2412,21:10:41.0,595.14,8558,595.14,1,595.16,11,220218,5.08856e+09
au2412,21:10:41.500,595.16,8559,595.14,3,595.16,11,220219,5.08915e+09
au2412,21:10:42.0,595.12,8562,595.12,8,595.14,1,220220,5.09094e+09
au2412,21:10:42.500,595.12,8562,595.12,12,595.14,2,220220,5.09094e+09
au2412,21:10:43.0,595.12,8562,595.12,12,595.14,2,220220,5.09094e+09
au2412,21:10:43.500,595.14,8575,595.1,18,595.12,3,220226,5.09867e+09
au2412,21:10:44.0,595.12,8595,595.08,3,595.12,9,220234,5.11057e+09
au2412,21:10:44.500,595.12,8596,595.08,2,595.1,9,220234,5.11117e+09
au2412,21:10:45.0,595.1,8604,595.08,2,595.1,1,220237,5.11593e+09
au2412,21:10:45.500,595.12,8607,595.1,5,595.12,2,220238,5.11772e+09
au2412,21:10:46.0,595.14,8611,595.12,1,595.14,1,220240,5.1201e+09
au2412,21:10:46.500,595.14,8612,595.12,10,595.16,11,220241,5.12069e+09
au2412,21:10:47.0,595.12,8619,595.12,5,595.14,1,220242,5.12486e+09
au2412,21:10:47.500,595.12,8622,595.12,4,595.16,10,220242,5.12664e+09
au2412,21:10:48.0,595.12,8623,595.12,7,595.14,4,220243,5.12724e+09
au2412,21:10:48.500,595.12,8625,595.12,7,595.14,4,220245,5.12843e+09
au2412,21:10:49.0,595.14,8631,595.12,3,595.14,2,220243,5.132e+09
au2412,21:10:49.500,595.04,8686,595.02,7,595.06,8,220283,5.16473e+09
au2412,21:10:50.0,595.02,8692,595.02,4,595.06,6,220284,5.1683e+09
au2412,21:10:50.500,595.02,8698,595.02,3,595.06,3,220280,5.17187e+09
au2412,21:10:51.0,595.06,8701,595.06,1,595.08,2,220280,5.17365e+09
au2412,21:10:51.500,595.06,8702,595.06,8,595.08,5,220281,5.17425e+09
au2412,21:10:52.0,595.08,8712,595.06,1,595.08,2,220288,5.1802e+09
au2412,21:10:52.500,595.08,8723,595.08,4,595.1,9,220279,5.18675e+09
au2412,21:10:53.0,595.1,8725,595.08,5,595.1,1,220280,5.18794e+09
au2412,21:10:53.500,595.1,8728,595.08,4,595.1,4,220281,5.18972e+09
au2412,21:10:54.0,595.08,8732,595.08,1,595.12,6,220277,5.1921e+09
au2412,21:10:54.500,595.08,8736,595.08,2,595.1,11,220280,5.19448e+09
au2412,21:10:55.0,595.1,8747,595.1,3,595.12,1,220271,5.20103e+09
au2412,21:10:55.500,595.1,8748,595.1,2,595.12,4,220272,5.20162e+09
au2412,21:10:56.0,595.08,8754,595.06,4,595.08,1,220273,5.20519e+09
au2412,21:10:56.500,595.1,8759,595.08,5,595.12,3,220274,5.20817e+09
au2412,21:10:57.0,595.12,8762,595.1,1,595.14,5,220276,5.20996e+09
au2412,21:10:57.500,595.12,8763,595.1,9,595.14,2,220276,5.21055e+09
au2412,21:10:58.0,595.1,8767,595.1,8,595.14,1,220274,5.21293e+09
au2412,21:10:58.500,595.1,8767,595.1,8,595.14,6,220274,5.21293e+09
au2412,21:10:59.0,595.1,8773,595.1,2,595.14,2,220274,5.2165e+09
au2412,21:10:59.500,595.1,8777,595.1,5,595.14,2,220273,5.21888e+09
au2412,21:11:00.0,595.1,8778,595.1,6,595.14,4,220274,5.21948e+09
au2412,21:11:00.500,595.1,8785,595.1,3,595.14,2,220273,5.22364e+09
au2412,21:11:01.0,595.1,8785,595.1,4,595.14,7,220273,5.22364e+09
au2412,21:11:01.500,595.1,8789,595.08,11,595.1,1,220271,5.22602e+09
au2412,21:11:02.0,595.1,8792,595.08,10,595.14,16,220270,5.22781e+09
au2412,21:11:02.500,595.08,8795,595.08,7,595.12,4,220269,5.22959e+09
au2412,21:11:03.0,595.08,8795,595.1,1,595.12,4,220269,5.22959e+09
au2412,21:11:03.500,595.08,8807,595.06,5,595.08,2,220266,5.23673e+09
au2412,21:11:04.0,595.08,8809,595.08,5,595.12,2,220264,5.23792e+09
au2412,21:11:04.500,595.12,8810,595.08,12,595.12,4,220264,5.23852e+09
au2412,21:11:05.0,595.12,8815,595.1,7,595.12,2,220264,5.2415e+09
au2412,21:11:05.500,595.12,8818,595.12,6,595.14,11,220264,5.24328e+09
au2412,21:11:06.0,595.08,8846,595.06,5,595.08,3,220258,5.25994e+09
au2412,21:11:06.500,595.1,8852,595.1,1,595.12,1,220255,5.26351e+09
au2412,21:11:07.0,595.08,8855,595.08,14,595.1,8,220254,5.2653e+09
au2412,21:11:07.500,595.08,8873,595.06,2,595.08,5,220259,5.27601e+09
au2412,21:11:08.0,595.06,8876,595.04,1,595.06,5,220260,5.2778e+09
au2412,21:11:08.500,595.08,8882,595.06,1,595.08,5,220261,5.28137e+09
au2412,21:11:09.0,595.08,8883,595.06,1,595.08,5,220262,5.28196e+09
au2412,21:11:09.500,595.08,8890,595.06,3,595.1,9,220255,5.28613e+09
au2412,21:11:10.0,595.06,8892,595.06,2,595.08,2,220255,5.28732e+09
au2412,21:11:10.500,595.06,8897,595.06,1,595.08,3,220253,5.29029e+09
au2412,21:11:11.0,595.06,8898,595.04,6,595.06,7,220253,5.29089e+09
au2412,21:11:11.500,595.1,8921,595.04,1,595.1,2,220244,5.30457e+09
au2412,21:11:12.0,595.08,8926,595.06,1,595.08,6,220242,5.30755e+09
au2412,21:11:12.500,595.04,8933,595.04,6,595.08,6,220239,5.31171e+09
au2412,21:11:13.0,595.06,8936,595.02,4,595.04,2,220238,5.3135e+09
au2412,21:11:13.500,595.04,8938,595.02,4,595.04,1,220236,5.31469e+09
au2412,21:11:14.0,595.04,8941,595.04,1,595.06,2,220236,5.31648e+09
au2412,21:11:14.500,595.06,8945,595.04,2,595.06,1,220238,5.31886e+09
au2412,21:11:15.0,595.02,8948,595.02,3,595.08,3,220238,5.32064e+09
au2412,21:11:15.500,595.02,8948,595.02,5,595.04,2,220238,5.32064e+09
au2412,21:11:16.0,595.06,8952,595.04,4,595.06,5,220239,5.32302e+09
au2412,21:11:16.500,595.1,8967,595.08,4,595.12,4,220229,5.33195e+09
au2412,21:11:17.0,595.12,8969,595.1,5,595.12,2,220228,5.33314e+09
au2412,21:11:17.500,595.12,8975,595.08,2,595.12,1,220225,5.33671e+09
au2412,21:11:18.0,595.1,8979,595.1,5,595.12,1,220224,5.33909e+09
au2412,21:11:18.500,595.12,8981,595.12,2,595.14,8,220225,5.34028e+09
au2412,21:11:19.0,595.12,8986,595.1,4,595.12,14,220223,5.34325e+09
au2412,21:11:19.500,595.1,8991,595.1,3,595.12,10,220218,5.34623e+09
au2412,21:11:20.0,595.14,9012,595.14,12,595.16,5,220200,5.35873e+09
au2412,21:11:20.500,595.16,9015,595.14,13,595.16,2,220200,5.36051e+09
au2412,21:11:21.0,595.14,9020,595.14,10,595.16,1,220198,5.36349e+09
au2412,21:11:21.500,595.14,9022,595.14,8,595.16,3,220197,5.36468e+09
au2412,21:11:22.0,595.16,9028,595.14,5,595.18,6,220194,5.36825e+09
au2412,21:11:22.500,595.14,9034,595.12,2,595.16,6,220191,5.37182e+09
au2412,21:11:23.0,595.16,9037,595.12,2,595.14,2,220190,5.37361e+09
au2412,21:11:23.500,595.16,9038,595.12,7,595.14,1,220191,5.3742e+09
au2412,21:11:24.0,595.16,9040,595.14,1,595.16,2,220191,5.37539e+09
au2412,21:11:24.500,595.12,9051,595.14,2,595.18,7,220188,5.38194e+09
au2412,21:11:25.0,595.16,9055,595.14,4,595.16,1,220191,5.38432e+09
au2412,21:11:25.500,595.16,9057,595.14,3,595.18,7,220192,5.38551e+09
au2412,21:11:26.0,595.14,9063,595.12,4,595.14,1,220194,5.38908e+09
au2412,21:11:26.500,595.14,9065,595.16,1,595.18,2,220194,5.39027e+09
au2412,21:11:27.0,595.16,9067,595.14,7,595.16,2,220193,5.39146e+09
au2412,21:11:27.500,595.16,9069,595.14,6,595.16,1,220193,5.39265e+09
au2412,21:11:28.0,595.16,9069,595.14,6,595.16,2,220193,5.39265e+09
au2412,21:11:28.500,595.16,9069,595.14,6,595.16,1,220193,5.39265e+09
au2412,21:11:29.0,595.14,9072,595.14,4,595.16,1,220190,5.39444e+09
au2412,21:11:29.500,595.14,9076,595.12,4,595.14,36,220186,5.39682e+09
au2412,21:11:30.0,595.1,9083,595.1,5,595.12,6,220183,5.40098e+09
au2412,21:11:30.500,595.12,9090,595.1,4,595.14,37,220184,5.40515e+09
au2412,21:11:31.0,595.1,9093,595.1,4,595.12,1,220183,5.40693e+09
au2412,21:11:31.500,595.1,9096,595.08,9,595.1,1,220183,5.40872e+09
au2412,21:11:32.0,595.1,9097,595.1,3,595.12,4,220183,5.40931e+09
au2412,21:11:32.500,595.1,9100,595.08,8,595.1,3,220182,5.4111e+09
au2412,21:11:33.0,595.12,9105,595.08,7,595.12,5,220177,5.41407e+09
au2412,21:11:33.500,595.1,9107,595.1,8,595.12,5,220175,5.41526e+09
au2412,21:11:34.0,595.08,9117,595.06,14,595.08,1,220174,5.42122e+09
au2412,21:11:34.500,595.12,9119,595.08,5,595.12,2,220172,5.42241e+09
au2412,21:11:35.0,595.08,9122,595.1,4,595.12,5,220169,5.42419e+09
au2412,21:11:35.500,595.1,9124,595.1,2,595.12,5,220169,5.42538e+09
au2412,21:11:36.0,595.1,9126,595.08,3,595.12,5,220169,5.42657e+09
au2412,21:11:36.500,595.1,9126,595.08,3,595.1,3,220169,5.42657e+09
au2412,21:11:37.0,595.1,9127,595.08,3,595.1,2,220169,5.42717e+09
au2412,21:11:37.500,595.08,9131,595.06,12,595.1,2,220170,5.42955e+09
au2412,21:11:38.0,595.14,9146,595.06,12,595.08,1,220171,5.43847e+09
au2412,21:11:38.500,595.1,9152,595.06,11,595.1,4,220173,5.44204e+09
au2412,21:11:39.0,595.1,9152,595.06,12,595.1,4,220173,5.44204e+09
au2412,21:11:39.500,595.1,9152,595.06,12,595.08,1,220173,5.44204e+09
au2412,21:11:40.0,595.1,9153,595.06,12,595.08,6,220173,5.44264e+09
au2412,21:11:40.500,595.08,9164,595.08,2,595.1,7,220181,5.44919e+09
au2412,21:11:41.0,595.08,9168,595.06,7,595.08,3,220180,5.45157e+09
au2412,21:11:41.500,595.08,9174,595.08,3,595.1,6,220185,5.45514e+09
au2412,21:11:42.0,595.06,9180,595.08,1,595.1,5,220184,5.45871e+09
au2412,21:11:42.500,595.08,9181,595.06,5,595.08,1,220184,5.4593e+09
au2412,21:11:43.0,595.06,9182,595.06,4,595.08,2,220185,5.4599e+09
au2412,21:11:43.500,595.08,9183,595.06,4,595.08,2,220186,5.46049e+09
au2412,21:11:44.0,595.08,9184,595.06,4,595.08,2,220186,5.46109e+09
au2412,21:11:44.500,595.08,9186,595.08,5,595.1,4,220187,5.46228e+09
au2412,21:11:45.0,595.1,9187,595.08,6,595.1,3,220186,5.46287e+09
au2412,21:11:45.500,595.08,9193,595.06,4,595.1,3,220183,5.46644e+09
au2412,21:11:46.0,595.06,9194,595.06,3,595.08,5,220184,5.46704e+09
au2412,21:11:46.500,595.06,9197,595.04,3,595.06,1,220183,5.46882e+09
au2412,21:11:47.0,595.06,9201,595.06,1,595.08,7,220180,5.4712e+09
au2412,21:11:47.500,595.06,9201,595.04,3,595.08,8,220180,5.4712e+09
au2412,21:11:48.0,595.06,9201,595.04,4,595.06,3,220180,5.4712e+09
au2412,21:11:48.500,595.06,9208,595.02,10,595.06,2,220179,5.47537e+09
au2412,21:11:49.0,595.02,9219,595,11,595.02,32,220174,5.48191e+09
au2412,21:11:49.500,594.98,9234,594.96,4,594.98,2,220175,5.49084e+09
au2412,21:11:50.0,594.94,9249,594.94,1,594.96,3,220173,5.49976e+09
au2412,21:11:50.500,594.96,9258,594.9,7,594.94,1,220171,5.50512e+09
au2412,21:11:51.0,594.96,9262,594.92,5,594.96,1,220169,5.5075e+09
au2412,21:11:51.500,594.92,9268,594.96,2,594.98,3,220170,5.51107e+09
au2412,21:11:52.0,594.94,9276,594.94,1,594.96,2,220168,5.51583e+09
au2412,21:11:52.500,594.96,9278,594.94,3,594.98,3,220168,5.51702e+09
au2412,21:11:53.0,594.94,9284,594.92,1,594.94,26,220164,5.52059e+09
au2412,21:11:53.500,594.94,9286,594.92,8,594.94,24,220162,5.52178e+09
au2412,21:11:54.0,594.92,9300,594.92,1,594.94,16,220162,5.53011e+09
au2412,21:11:54.500,594.92,9303,594.9,7,594.92,1,220160,5.53189e+09
au2412,21:11:55.0,594.92,9304,594.9,7,594.92,2,220160,5.53248e+09
au2412,21:11:55.500,594.9,9312,594.88,5,594.92,1,220164,5.53724e+09
au2412,21:11:56.0,594.92,9314,594.88,5,594.9,1,220164,5.53843e+09
au2412,21:11:56.500,594.92,9319,594.88,3,594.92,2,220164,5.54141e+09
au2412,21:11:57.0,594.88,9329,594.86,2,594.88,6,220157,5.54736e+09
au2412,21:11:57.500,594.88,9335,594.84,2,594.88,3,220156,5.55093e+09
au2412,21:11:58.0,594.88,9335,594.84,7,594.88,6,220156,5.55093e+09
au2412,21:11:58.500,594.86,9340,594.84,1,594.86,7,220158,5.5539e+09
au2412,21:11:59.0,594.84,9342,594.82,3,594.84,3,220157,5.55509e+09
au2412,21:11:59.500,594.82,9348,594.8,4,594.82,1,220157,5.55866e+09
au2412,21:12:00.0,594.82,9358,594.78,4,594.84,4,220161,5.56461e+09
au2412,21:12:00.500,594.82,9362,594.8,1,594.82,3,220164,5.56699e+09
au2412,21:12:01.0,594.82,9371,594.82,4,594.84,1,220160,5.57234e+09
au2412,21:12:01.500,594.84,9377,594.84,4,594.86,5,220162,5.57591e+09
au2412,21:12:02.0,594.84,9387,594.84,3,594.88,10,220155,5.58186e+09
au2412,21:12:02.500,594.84,9391,594.84,1,594.86,1,220152,5.58424e+09
au2412,21:12:03.0,594.88,9394,594.84,1,594.86,2,220152,5.58602e+09
au2412,21:12:03.500,594.84,9396,594.82,21,594.86,2,220153,5.58721e+09
au2412,21:12:04.0,594.82,9400,594.82,18,594.86,11,220153,5.58959e+09
au2412,21:12:04.500,594.84,9409,594.82,10,594.84,2,220152,5.59494e+09
au2412,21:12:05.0,594.8,9424,594.78,3,594.82,9,220157,5.60387e+09
au2412,21:12:05.500,594.78,9429,594.76,5,594.78,5,220153,5.60684e+09
au2412,21:12:06.0,594.76,9442,594.72,2,594.8,2,220160,5.61457e+09
au2412,21:12:06.500,594.74,9450,594.74,4,594.78,2,220160,5.61933e+09
au2412,21:12:07.0,594.74,9455,594.74,5,594.78,3,220159,5.6223e+09
au2412,21:12:07.500,594.78,9461,594.74,4,594.78,2,220159,5.62587e+09
au2412,21:12:08.0,594.74,9467,594.74,1,594.78,3,220160,5.62944e+09
au2412,21:12:08.500,594.74,9471,594.74,3,594.76,2,220163,5.63182e+09
au2412,21:12:09.0,594.76,9474,594.76,2,594.78,3,220162,5.6336e+09
au2412,21:12:09.500,594.78,9482,594.76,7,594.8,6,220159,5.63836e+09
au2412,21:12:10.0,594.8,9494,594.8,4,594.82,5,220161,5.6455e+09
au2412,21:12:10.500,594.8,9500,594.8,2,594.82,3,220165,5.64907e+09
au2412,21:12:11.0,594.82,9507,594.82,40,594.84,3,220169,5.65323e+09
au2412,21:12:11.500,594.82,9547,594.8,2,594.82,2,220204,5.67703e+09
au2412,21:12:12.0,594.82,9553,594.78,8,594.82,1,220207,5.68059e+09
au2412,21:12:12.500,594.8,9554,594.78,6,594.8,5,220208,5.68119e+09
au2412,21:12:13.0,594.8,9554,594.78,4,594.8,7,220208,5.68119e+09
au2412,21:12:13.500,594.8,9557,594.78,3,594.8,5,220210,5.68297e+09
au2412,21:12:14.0,594.78,9560,594.76,5,594.78,1,220210,5.68476e+09
au2412,21:12:14.500,594.78,9560,594.76,5,594.78,1,220210,5.68476e+09
au2412,21:12:15.0,594.78,9561,594.76,5,594.8,6,220209,5.68535e+09
au2412,21:12:15.500,594.78,9561,594.78,1,594.8,6,220209,5.68535e+09
au2412,21:12:16.0,594.8,9567,594.8,1,594.82,5,220207,5.68892e+09
au2412,21:12:16.500,594.8,9570,594.78,6,594.82,4,220207,5.69071e+09
au2412,21:12:17.0,594.8,9575,594.78,1,594.8,1,220206,5.69368e+09
au2412,21:12:17.500,594.8,9575,594.78,1,594.8,1,220206,5.69368e+09
au2412,21:12:18.0,594.82,9580,594.8,2,594.84,6,220204,5.69665e+09
au2412,21:12:18.500,594.8,9583,594.8,1,594.84,4,220204,5.69844e+09
au2412,21:12:19.0,594.84,9584,594.8,2,594.84,4,220203,5.69903e+09
au2412,21:12:19.500,594.84,9584,594.8,3,594.84,4,220203,5.69903e+09
au2412,21:12:20.0,594.8,9588,594.8,6,594.84,4,220204,5.70141e+09
au2412,21:12:20.500,594.8,9588,594.82,3,594.84,8,220204,5.70141e+09
au2412,21:12:21.0,594.82,9598,594.8,7,594.86,10,220204,5.70736e+09
au2412,21:12:21.500,594.82,9598,594.82,12,594.84,3,220204,5.70736e+09
au2412,21:12:22.0,594.84,9601,594.84,1,594.86,10,220207,5.70915e+09
au2412,21:12:22.500,594.84,9601,594.84,6,594.86,10,220207,5.70915e+09
au2412,21:12:23.0,594.86,9620,594.8,9,594.86,8,220204,5.72045e+09
au2412,21:12:23.500,594.86,9620,594.8,9,594.84,2,220204,5.72045e+09
au2412,21:12:24.0,594.84,9623,594.8,6,594.84,1,220202,5.72223e+09
au2412,21:12:24.500,594.84,9626,594.8,3,594.86,8,220204,5.72402e+09
au2412,21:12:25.0,594.84,9628,594.82,3,594.86,8,220204,5.72521e+09
au2412,21:12:25.500,594.84,9630,594.84,2,594.86,8,220204,5.7264e+09
au2412,21:12:26.0,594.84,9630,594.84,2,594.86,8,220204,5.7264e+09
au2412,21:12:26.500,594.82,9639,594.84,1,594.86,8,220202,5.73175e+09
au2412,21:12:27.0,594.84,9640,594.8,2,594.82,1,220202,5.73234e+09
au2412,21:12:27.500,594.82,9641,594.78,2,594.82,1,220202,5.73294e+09
au2412,21:12:28.0,594.82,9641,594.8,4,594.82,1,220202,5.73294e+09
au2412,21:12:28.500,594.82,9641,594.82,2,594.84,13,220202,5.73294e+09
au2412,21:12:29.0,594.8,9644,594.8,1,594.84,13,220202,5.73472e+09
au2412,21:12:29.500,594.8,9647,594.78,5,594.8,47,220200,5.73651e+09
au2412,21:12:30.0,594.78,9652,594.76,2,594.78,6,220199,5.73948e+09
au2412,21:12:30.500,594.76,9667,594.74,4,594.76,1,220198,5.7484e+09
au2412,21:12:31.0,594.76,9670,594.74,5,594.76,1,220196,5.75019e+09
au2412,21:12:31.500,594.74,9686,594.74,6,594.8,47,220202,5.7597e+09
au2412,21:12:32.0,594.76,9688,594.76,4,594.8,47,220202,5.76089e+09
au2412,21:12:32.500,594.76,9692,594.76,11,594.8,47,220201,5.76327e+09
au2412,21:12:33.0,594.78,9695,594.76,10,594.8,46,220200,5.76506e+09
au2412,21:12:33.500,594.8,9706,594.76,11,594.78,1,220204,5.7716e+09
au2412,21:12:34.0,594.78,9708,594.78,4,594.8,39,220203,5.77279e+09
au2412,21:12:34.500,594.78,9708,594.78,3,594.8,39,220203,5.77279e+09
au2412,21:12:35.0,594.76,9712,594.76,12,594.78,1,220202,5.77517e+09
au2412,21:12:35.500,594.76,9714,594.76,9,594.78,6,220202,5.77636e+09
au2412,21:12:36.0,594.78,9721,594.76,8,594.78,1,220197,5.78052e+09
au2412,21:12:37.0,594.76,9724,594.76,7,594.8,43,220198,5.7823e+09
au2412,21:12:37.500,594.76,9725,594.76,7,594.8,43,220199,5.7829e+09
au2412,21:12:38.0,594.78,9728,594.76,7,594.78,1,220197,5.78468e+09
au2412,21:12:38.500,594.8,9730,594.76,7,594.8,40,220197,5.78587e+09
au2412,21:12:39.0,594.8,9735,594.76,7,594.8,36,220194,5.78885e+09
au2412,21:12:39.500,594.8,9735,594.78,3,594.8,36,220194,5.78885e+09
au2412,21:12:40.0,594.78,9737,594.76,8,594.8,37,220195,5.79004e+09
au2412,21:12:40.500,594.76,9740,594.76,5,594.8,37,220198,5.79182e+09
au2412,21:12:41.0,594.76,9744,594.74,9,594.76,7,220201,5.7942e+09
au2412,21:12:41.500,594.72,9759,594.7,2,594.72,6,220212,5.80312e+09
au2412,21:12:42.0,594.7,9766,594.66,2,594.7,6,220214,5.80728e+09
au2412,21:12:42.500,594.68,9775,594.66,5,594.68,2,220218,5.81264e+09
au2412,21:12:43.0,594.7,9780,594.68,7,594.7,1,220220,5.81561e+09
au2412,21:12:43.500,594.68,9782,594.68,6,594.7,6,220220,5.8168e+09
au2412,21:12:44.0,594.7,9793,594.66,6,594.7,5,220217,5.82334e+09
au2412,21:12:44.500,594.7,9794,594.66,5,594.7,5,220217,5.82394e+09
au2412,21:12:45.0,594.7,9794,594.68,2,594.7,5,220217,5.82394e+09
au2412,21:12:45.500,594.68,9797,594.66,6,594.7,4,220214,5.82572e+09
au2412,21:12:46.0,594.68,9798,594.66,6,594.7,4,220213,5.82631e+09
au2412,21:12:46.500,594.66,9801,594.66,3,594.68,3,220214,5.8281e+09
au2412,21:12:47.0,594.7,9806,594.66,3,594.7,2,220213,5.83107e+09
au2412,21:12:47.500,594.7,9808,594.66,3,594.7,7,220212,5.83226e+09
au2412,21:12:48.0,594.7,9815,594.68,1,594.7,2,220213,5.83642e+09
au2412,21:12:48.500,594.7,9818,594.66,1,594.7,6,220213,5.83821e+09
au2412,21:12:49.0,594.7,9818,594.66,1,594.68,1,220213,5.83821e+09
au2412,21:12:49.500,594.68,9825,594.66,5,594.7,3,220214,5.84237e+09
au2412,21:12:50.0,594.66,9831,594.64,2,594.66,30,220208,5.84594e+09
au2412,21:12:50.500,594.66,9861,594.64,8,594.66,11,220202,5.86378e+09
au2412,21:12:51.0,594.66,9874,594.66,34,594.7,4,220201,5.87151e+09
au2412,21:12:51.500,594.66,9879,594.66,35,594.7,2,220201,5.87448e+09
au2412,21:12:52.0,594.7,9888,594.68,1,594.7,4,220207,5.87983e+09
au2412,21:12:52.500,594.66,9894,594.66,31,594.7,3,220208,5.8834e+09
au2412,21:12:53.0,594.68,9897,594.66,28,594.7,3,220209,5.88519e+09
au2412,21:12:53.500,594.7,9911,594.68,1,594.72,6,220207,5.89351e+09
au2412,21:12:54.0,594.7,9912,594.68,2,594.7,7,220207,5.89411e+09
au2412,21:12:54.500,594.68,9914,594.66,30,594.68,2,220207,5.8953e+09
au2412,21:12:55.0,594.7,9925,594.7,4,594.72,6,220206,5.90184e+09
au2412,21:12:55.500,594.72,9933,594.72,3,594.74,3,220212,5.9066e+09
au2412,21:12:56.0,594.7,9937,594.68,5,594.72,1,220211,5.90897e+09
au2412,21:12:56.500,594.7,9940,594.7,2,594.72,4,220211,5.91076e+09
au2412,21:12:57.0,594.72,9948,594.72,4,594.74,4,220211,5.91552e+09
au2412,21:12:57.500,594.68,9954,594.68,3,594.72,9,220213,5.91908e+09
au2412,21:12:58.0,594.7,9956,594.68,6,594.7,1,220214,5.92027e+09
au2412,21:12:58.500,594.7,9957,594.68,7,594.72,6,220214,5.92087e+09
au2412,21:12:59.0,594.68,9963,594.68,3,594.7,1,220213,5.92444e+09
au2412,21:12:59.500,594.68,9965,594.68,3,594.7,3,220213,5.92563e+09
au2412,21:13:00.0,594.68,9965,594.68,2,594.7,1,220213,5.92563e+09
au2412,21:13:00.500,594.7,9967,594.68,3,594.7,3,220215,5.92682e+09
au2412,21:13:01.0,594.68,9970,594.66,31,594.7,4,220214,5.9286e+09
au2412,21:13:01.500,594.68,9974,594.66,27,594.68,2,220213,5.93098e+09
au2412,21:13:02.0,594.7,9977,594.66,27,594.68,1,220213,5.93276e+09
au2412,21:13:02.500,594.7,9977,594.66,28,594.68,7,220213,5.93276e+09
au2412,21:13:03.0,594.64,10023,594.6,91,594.64,2,220229,5.96012e+09
au2412,21:13:03.500,594.52,10132,594.52,1,594.62,5,220239,6.02493e+09
au2412,21:13:04.0,594.6,10140,594.54,6,594.6,10,220240,6.02968e+09
au2412,21:13:04.500,594.52,10155,594.5,13,594.52,1,220249,6.0386e+09
au2412,21:13:05.0,594.56,10165,594.54,1,594.58,2,220246,6.04455e+09
au2412,21:13:05.500,594.58,10173,594.54,5,594.58,4,220244,6.0493e+09
au2412,21:13:06.0,594.54,10177,594.54,3,594.56,6,220247,6.05168e+09
au2412,21:13:06.500,594.58,10188,594.56,1,594.58,3,220249,6.05822e+09
au2412,21:13:07.0,594.54,10194,594.54,3,594.58,2,220245,6.06179e+09
au2412,21:13:07.500,594.54,10197,594.54,6,594.58,5,220247,6.06357e+09
au2412,21:13:08.0,594.54,10207,594.54,5,594.56,2,220249,6.06952e+09
au2412,21:13:08.500,594.54,10209,594.54,5,594.58,1,220248,6.07071e+09
au2412,21:13:09.0,594.54,10214,594.52,12,594.54,5,220251,6.07368e+09
au2412,21:13:09.500,594.54,10220,594.52,11,594.56,1,220256,6.07725e+09
au2412,21:13:10.0,594.54,10220,594.54,1,594.56,3,220256,6.07725e+09
au2412,21:13:10.500,594.54,10221,594.52,11,594.56,3,220256,6.07784e+09
au2412,21:13:11.0,594.56,10224,594.52,10,594.54,1,220253,6.07963e+09
au2412,21:13:11.500,594.54,10227,594.54,2,594.58,5,220254,6.08141e+09
au2412,21:13:12.0,594.54,10234,594.56,8,594.6,11,220251,6.08557e+09
au2412,21:13:12.500,594.54,10236,594.56,7,594.6,5,220249,6.08676e+09
au2412,21:13:13.0,594.56,10242,594.56,3,594.58,2,220250,6.09033e+09
au2412,21:13:13.500,594.56,10242,594.56,4,594.58,5,220250,6.09033e+09
au2412,21:13:14.0,594.56,10246,594.56,1,594.58,5,220250,6.09271e+09
au2412,21:13:14.500,594.56,10249,594.54,3,594.58,5,220249,6.09449e+09
au2412,21:13:15.0,594.58,10253,594.58,5,594.6,3,220247,6.09687e+09
au2412,21:13:15.500,594.58,10253,594.58,5,594.6,6,220247,6.09687e+09
au2412,21:13:16.0,594.6,10262,594.6,2,594.64,4,220242,6.10222e+09
au2412,21:13:16.500,594.64,10267,594.6,3,594.64,6,220242,6.10519e+09
au2412,21:13:17.0,594.6,10279,594.58,5,594.6,8,220235,6.11233e+09
au2412,21:13:17.500,594.64,10289,594.62,3,594.64,2,220233,6.11827e+09
au2412,21:13:18.0,594.6,10294,594.6,14,594.62,2,220233,6.12125e+09
au2412,21:13:18.500,594.6,10310,594.58,6,594.64,2,220227,6.13076e+09
au2412,21:13:19.0,594.64,10318,594.6,5,594.64,2,220225,6.13552e+09
au2412,21:13:19.500,594.6,10323,594.58,7,594.6,7,220229,6.13849e+09
au2412,21:13:20.0,594.68,10346,594.62,18,594.68,1,220230,6.15217e+09
au2412,21:13:20.500,594.7,10352,594.66,2,594.7,1,220229,6.15574e+09
au2412,21:13:21.0,594.7,10353,594.68,5,594.7,1,220230,6.15633e+09
au2412,21:13:21.500,594.72,10357,594.7,1,594.72,3,220231,6.15871e+09
au2412,21:13:22.0,594.72,10362,594.72,1,594.74,1,220232,6.16168e+09
au2412,21:13:22.500,594.74,10366,594.7,1,594.74,1,220230,6.16406e+09
au2412,21:13:23.0,594.7,10372,594.68,1,594.7,15,220227,6.16763e+09
au2412,21:13:23.500,594.68,10383,594.68,3,594.7,5,220220,6.17417e+09
au2412,21:13:24.0,594.7,10391,594.72,1,594.74,4,220221,6.17893e+09
au2412,21:13:24.500,594.7,10393,594.7,3,594.74,3,220222,6.18012e+09
au2412,21:13:25.0,594.74,10394,594.7,3,594.74,2,220222,6.18071e+09
au2412,21:13:25.500,594.7,10398,594.68,4,594.7,10,220221,6.18309e+09
au2412,21:13:26.0,594.7,10408,594.7,1,594.74,2,220226,6.18904e+09
au2412,21:13:26.500,594.7,10408,594.7,1,594.74,5,220226,6.18904e+09
au2412,21:13:27.0,594.66,10417,594.64,5,594.68,3,220227,6.19439e+09
au2412,21:13:27.500,594.66,10420,594.64,5,594.66,1,220228,6.19618e+09
au2412,21:13:28.0,594.7,10431,594.7,2,594.72,2,220225,6.20272e+09
au2412,21:13:28.500,594.7,10434,594.66,2,594.7,8,220224,6.2045e+09
au2412,21:13:29.0,594.7,10448,594.66,2,594.7,6,220222,6.21283e+09
