合约代码,UpdateTime,LastPrice,Volume,BidPrice1,BidVolume1,AskPrice1,AskVolume1,OpenInterest,Turnover
cu2410,20:24:50.500,76760,0,1.79769e+308,0,1.79769e+308,0,101686,0
cu2410,20:59:00.0,77060,953,77060,12,77100,2,101129,3.67191e+08
cu2410,21:00:00.0,77100,1121,77100,125,77150,10,101121,4.31956e+08
cu2410,21:00:00.500,77140,1259,77120,3,77140,5,101086,4.85182e+08
cu2410,21:00:01.0,77120,1353,77120,71,77140,4,101078,5.21434e+08
cu2410,21:00:01.500,77120,1402,77120,34,77140,4,101037,5.40331e+08
cu2410,21:00:02.0,77120,1421,77120,3,77130,7,101028,5.47658e+08
cu2410,21:00:02.500,77120,1473,77120,6,77130,31,101010,5.67709e+08
cu2410,21:00:03.0,77130,1517,77100,7,77130,29,100985,5.84676e+08
cu2410,21:00:03.500,77110,1537,77110,2,77130,36,100979,5.92388e+08
cu2410,21:00:04.0,77110,1557,77110,3,77120,11,100967,6.00099e+08
cu2410,21:00:04.500,77100,1565,77100,4,77120,29,100963,6.03183e+08
cu2410,21:00:05.0,77120,1584,77100,12,77120,23,100958,6.10509e+08
cu2410,21:00:05.500,77120,1602,77100,14,77110,2,100941,6.1745e+08
cu2410,21:00:06.0,77110,1611,77100,13,77110,4,100936,6.2092e+08
cu2410,21:00:06.500,77100,1649,77100,1,77110,3,100919,6.35569e+08
cu2410,21:00:07.0,77100,1661,77080,2,77100,7,100921,6.40195e+08
cu2410,21:00:07.500,77100,1679,77080,12,77100,6,100909,6.47134e+08
cu2410,21:00:08.0,77080,1699,77080,4,77100,5,100903,6.54844e+08
cu2410,21:00:08.500,77080,1702,77080,1,77090,4,100902,6.56e+08
cu2410,21:00:09.0,77080,1713,77070,7,77080,6,100895,6.6024e+08
cu2410,21:00:09.500,77100,1733,77090,5,77100,4,100886,6.67948e+08
cu2410,21:00:10.0,77080,1748,77080,3,77090,21,100883,6.7373e+08
cu2410,21:00:10.500,77080,1765,77060,11,77080,4,100875,6.80281e+08
cu2410,21:00:11.0,77070,1782,77070,1,77080,9,100865,6.86833e+08
cu2410,21:00:11.500,77080,1787,77070,20,77080,17,100860,6.8876e+08
cu2410,21:00:12.0,77080,1791,77070,10,77080,16,100861,6.90301e+08
cu2410,21:00:12.500,77080,1809,77070,1,77080,12,100854,6.97238e+08
cu2410,21:00:13.0,77070,1815,77060,12,77070,1,100852,6.9955e+08
cu2410,21:00:13.500,77070,1816,77060,14,77070,5,100851,6.99935e+08
cu2410,21:00:14.0,77060,1825,77060,3,77070,42,100842,7.03403e+08
cu2410,21:00:14.500,77060,1833,77060,6,77070,8,100837,7.06486e+08
cu2410,21:00:15.0,77060,1837,77060,3,77070,16,100834,7.08027e+08
cu2410,21:00:15.500,77060,1842,77050,3,77070,16,100834,7.09953e+08
cu2410,21:00:16.0,77060,1842,77050,3,77060,7,100834,7.09953e+08
cu2410,21:00:16.500,77060,1849,77050,2,77060,7,100833,7.1265e+08
cu2410,21:00:17.0,77060,1868,77050,31,77060,13,100833,7.19971e+08
cu2410,21:00:17.500,77060,1902,77060,1,77070,363,100820,7.33071e+08
cu2410,21:00:18.0,77050,1904,77040,4,77060,5,100820,7.33841e+08
cu2410,21:00:18.500,77050,1913,77040,23,77050,2,100816,7.37309e+08
cu2410,21:00:19.0,77040,1927,77030,7,77050,5,100809,7.42702e+08
cu2410,21:00:19.500,77030,1931,77030,32,77050,7,100809,7.44243e+08
cu2410,21:00:20.0,77040,1940,77030,44,77040,13,100811,7.4771e+08
cu2410,21:00:20.500,77040,1954,77030,4,77040,15,100802,7.53102e+08
cu2410,21:00:21.0,77030,1964,77030,2,77040,20,100802,7.56954e+08
cu2410,21:00:21.500,77040,1979,77020,3,77040,11,100803,7.62732e+08
cu2410,21:00:22.0,77040,1996,77020,25,77040,5,100798,7.6928e+08
cu2410,21:00:22.500,77030,2000,77030,3,77040,8,100798,7.70821e+08
cu2410,21:00:23.0,77020,2008,77020,3,77030,3,100794,7.73902e+08
cu2410,21:00:23.500,77030,2062,77020,23,77030,3,100765,7.947e+08
cu2410,21:00:24.0,77030,2077,77020,16,77030,4,100762,8.00477e+08
cu2410,21:00:24.500,77030,2079,77010,5,77020,4,100762,8.01247e+08
cu2410,21:00:25.0,77020,2094,77010,30,77020,1,100750,8.07024e+08
cu2410,21:00:25.500,77020,2102,77010,30,77020,7,100747,8.10105e+08
cu2410,21:00:26.0,77020,2115,77010,43,77020,4,100741,8.15111e+08
cu2410,21:00:26.500,77020,2133,77020,20,77030,9,100733,8.22043e+08
cu2410,21:00:27.0,77020,2142,77020,28,77030,11,100728,8.25509e+08
cu2410,21:00:27.500,77010,2183,77020,2,77030,4,100714,8.41298e+08
cu2410,21:00:28.0,77030,2214,77020,9,77030,7,100709,8.53237e+08
cu2410,21:00:28.500,77030,2233,77020,14,77030,1,100702,8.60555e+08
cu2410,21:00:29.0,77030,2248,77030,2,77040,363,100693,8.66332e+08
cu2410,21:00:29.500,77020,2257,77020,3,77030,6,100697,8.69798e+08
cu2410,21:00:30.0,77020,2268,77000,3,77020,4,100693,8.74034e+08
cu2410,21:00:30.500,77010,2275,77010,7,77020,21,100689,8.76729e+08
cu2410,21:00:31.0,77020,2295,77010,7,77020,2,100674,8.84431e+08
cu2410,21:00:31.500,77000,2310,77000,12,77020,14,100667,8.90207e+08
cu2410,21:00:32.0,77020,2326,77010,12,77020,20,100658,8.96369e+08
cu2410,21:00:32.500,77010,2336,77010,3,77020,18,100652,9.0022e+08
cu2410,21:00:33.0,77010,2342,77010,12,77020,24,100650,9.0253e+08
cu2410,21:00:33.500,77020,2347,77010,13,77020,19,100647,9.04456e+08
cu2410,21:00:34.0,77010,2369,77010,29,77020,12,100629,9.12927e+08
cu2410,21:00:34.500,77020,2372,77010,14,77020,25,100627,9.14083e+08
cu2410,21:00:35.0,77020,2375,77010,13,77020,24,100624,9.15238e+08
cu2410,21:00:35.500,77010,2376,77010,13,77020,23,100623,9.15623e+08
cu2410,21:00:36.0,77020,2386,77010,14,77020,17,100613,9.19474e+08
cu2410,21:00:36.500,77020,2389,77010,17,77020,20,100612,9.20629e+08
cu2410,21:00:37.0,77010,2395,77010,17,77020,38,100607,9.2294e+08
cu2410,21:00:37.500,77020,2398,77010,14,77020,35,100605,9.24095e+08
cu2410,21:00:38.0,77020,2405,77010,40,77020,16,100602,9.26791e+08
cu2410,21:00:38.500,77010,2429,77010,13,77020,11,100585,9.36033e+08
cu2410,21:00:39.0,77020,2437,77010,16,77020,8,100578,9.39113e+08
cu2410,21:00:39.500,77010,2445,77010,12,77020,5,100576,9.42194e+08
cu2410,21:00:40.0,77010,2449,77010,34,77020,14,100576,9.43734e+08
cu2410,21:00:40.500,77010,2451,77010,11,77020,13,100577,9.44504e+08
cu2410,21:00:41.0,77020,2462,77010,10,77020,6,100576,9.4874e+08
cu2410,21:00:41.500,77020,2480,77010,12,77020,14,100579,9.55672e+08
cu2410,21:00:42.0,77020,2497,77020,1,77030,363,100581,9.62219e+08
cu2410,21:00:42.500,77030,2501,77020,1,77030,362,100580,9.63759e+08
cu2410,21:00:43.0,77030,2503,77020,7,77030,362,100581,9.64529e+08
cu2410,21:00:43.500,77020,2511,77010,3,77020,5,100585,9.6761e+08
cu2410,21:00:44.0,77020,2518,77020,1,77030,362,100579,9.70306e+08
cu2410,21:00:44.500,77030,2519,77020,3,77030,362,100579,9.70691e+08
cu2410,21:00:45.0,77020,2542,77010,8,77030,367,100560,9.79548e+08
cu2410,21:00:45.500,77020,2543,77010,12,77030,365,100560,9.79933e+08
cu2410,21:00:46.0,77030,2547,77020,9,77030,364,100559,9.81474e+08
cu2410,21:00:46.500,77030,2551,77020,20,77030,360,100557,9.83014e+08
cu2410,21:00:47.0,77020,2563,77020,9,77030,363,100547,9.87636e+08
cu2410,21:00:47.500,77020,2572,77010,18,77020,2,100545,9.91102e+08
cu2410,21:00:48.0,77020,2578,77010,20,77020,5,100547,9.93412e+08
cu2410,21:00:48.500,77020,2586,77010,22,77020,4,100541,9.96493e+08
cu2410,21:00:49.0,77020,2620,77020,36,77030,356,100557,1.00959e+09
cu2410,21:00:49.500,77030,2624,77020,36,77030,354,100556,1.01113e+09
cu2410,21:00:50.0,77030,2626,77020,41,77030,355,100555,1.0119e+09
cu2410,21:00:50.500,77030,2629,77020,41,77030,352,100554,1.01305e+09
cu2410,21:00:51.0,77030,2635,77020,40,77030,347,100553,1.01536e+09
cu2410,21:00:51.500,77020,2638,77020,58,77030,350,100552,1.01652e+09
cu2410,21:00:52.0,77020,2660,77020,59,77030,330,100550,1.02499e+09
cu2410,21:00:52.500,77030,2766,77020,76,77030,226,100471,1.06582e+09
cu2410,21:00:53.0,77030,2795,77020,78,77030,196,100464,1.07699e+09
cu2410,21:00:53.500,77030,2826,77020,78,77030,170,100461,1.08893e+09
cu2410,21:00:54.0,77020,2839,77020,72,77030,168,100449,1.09393e+09
cu2410,21:00:54.500,77020,2847,77020,66,77030,164,100443,1.09701e+09
cu2410,21:00:55.0,77030,2858,77020,66,77030,154,100439,1.10125e+09
cu2410,21:00:55.500,77030,2890,77020,37,77030,123,100439,1.11358e+09
cu2410,21:00:56.0,77020,2910,77020,39,77030,102,100437,1.12128e+09
cu2410,21:00:56.500,77030,2919,77020,65,77030,96,100433,1.12475e+09
cu2410,21:00:57.0,77030,2954,77020,66,77030,61,100424,1.13823e+09
cu2410,21:00:57.500,77030,2981,77020,59,77030,37,100413,1.14862e+09
cu2410,21:00:58.0,77030,3018,77020,59,77030,17,100402,1.16287e+09
cu2410,21:00:58.500,77030,3055,77030,3,77040,3,100387,1.17713e+09
cu2410,21:00:59.0,77040,3058,77030,8,77040,7,100387,1.17828e+09
cu2410,21:00:59.500,77030,3067,77030,2,77040,15,100380,1.18175e+09
cu2410,21:01:00.0,77040,3087,77030,5,77040,24,100367,1.18945e+09
cu2410,21:01:00.500,77030,3094,77030,12,77040,30,100361,1.19215e+09
cu2410,21:01:01.0,77040,3101,77030,16,77040,25,100361,1.19484e+09
cu2410,21:01:01.500,77040,3104,77030,25,77040,29,100359,1.196e+09
cu2410,21:01:02.0,77040,3111,77030,44,77040,39,100353,1.1987e+09
cu2410,21:01:02.500,77040,3120,77030,45,77040,31,100349,1.20216e+09
cu2410,21:01:03.0,77040,3126,77030,46,77040,30,100346,1.20447e+09
cu2410,21:01:03.500,77040,3131,77030,47,77040,25,100345,1.2064e+09
cu2410,21:01:04.0,77040,3140,77030,51,77040,20,100342,1.20987e+09
cu2410,21:01:04.500,77030,3164,77030,51,77040,3,100334,1.21911e+09
cu2410,21:01:05.0,77040,3172,77030,50,77040,2,100333,1.22219e+09
cu2410,21:01:05.500,77040,3183,77030,54,77050,1,100331,1.22643e+09
cu2410,21:01:06.0,77040,3188,77040,29,77050,15,100333,1.22836e+09
cu2410,21:01:06.500,77040,3197,77040,28,77050,8,100335,1.23182e+09
cu2410,21:01:07.0,77050,3199,77040,30,77050,8,100335,1.23259e+09
cu2410,21:01:07.500,77040,3205,77040,31,77050,4,100331,1.2349e+09
cu2410,21:01:08.0,77050,3215,77050,6,77060,3,100324,1.23876e+09
cu2410,21:01:08.500,77070,3226,77060,6,77070,6,100314,1.24299e+09
cu2410,21:01:09.0,77060,3233,77060,28,77070,8,100308,1.24569e+09
cu2410,21:01:09.500,77070,3235,77060,29,77070,7,100308,1.24646e+09
cu2410,21:01:10.0,77070,3235,77060,29,77070,22,100308,1.24646e+09
cu2410,21:01:10.500,77060,3239,77060,26,77070,21,100306,1.248e+09
cu2410,21:01:11.0,77070,3242,77060,28,77070,20,100304,1.24916e+09
cu2410,21:01:11.500,77070,3253,77060,28,77070,10,100296,1.2534e+09
cu2410,21:01:12.0,77060,3257,77060,53,77070,7,100296,1.25494e+09
cu2410,21:01:12.500,77060,3269,77060,45,77070,3,100295,1.25956e+09
cu2410,21:01:13.0,77070,3274,77060,59,77070,1,100293,1.26149e+09
cu2410,21:01:13.500,77060,3288,77060,61,77070,3,100281,1.26689e+09
cu2410,21:01:14.0,77070,3296,77060,60,77080,6,100278,1.26997e+09
cu2410,21:01:14.500,77070,3304,77070,27,77090,8,100273,1.27305e+09
cu2410,21:01:15.0,77090,3308,77080,10,77090,8,100273,1.27459e+09
cu2410,21:01:15.500,77090,3313,77090,1,77100,8,100269,1.27652e+09
cu2410,21:01:16.0,77090,3324,77080,17,77090,3,100262,1.28076e+09
cu2410,21:01:16.500,77080,3329,77080,21,77090,3,100261,1.28269e+09
cu2410,21:01:17.0,77090,3332,77080,21,77090,1,100259,1.28384e+09
cu2410,21:01:17.500,77090,3336,77090,1,77100,10,100256,1.28539e+09
cu2410,21:01:18.0,77100,3337,77090,3,77100,10,100257,1.28577e+09
cu2410,21:01:18.500,77090,3338,77090,4,77100,9,100257,1.28616e+09
cu2410,21:01:19.0,77100,3347,77080,18,77100,24,100253,1.28963e+09
cu2410,21:01:19.500,77080,3354,77080,17,77100,33,100252,1.29232e+09
cu2410,21:01:20.0,77080,3354,77080,17,77090,27,100252,1.29232e+09
cu2410,21:01:20.500,77090,3386,77080,4,77090,3,100236,1.30466e+09
cu2410,21:01:21.0,77080,3389,77080,16,77090,14,100234,1.30581e+09
cu2410,21:01:21.500,77090,3395,77080,20,77090,10,100228,1.30813e+09
cu2410,21:01:22.0,77090,3398,77080,19,77090,14,100228,1.30928e+09
cu2410,21:01:22.500,77090,3401,77080,21,77090,11,100227,1.31044e+09
cu2410,21:01:23.0,77090,3426,77080,36,77090,7,100207,1.32008e+09
cu2410,21:01:23.500,77090,3428,77080,20,77090,14,100206,1.32085e+09
cu2410,21:01:24.0,77090,3430,77080,36,77090,13,100205,1.32162e+09
cu2410,21:01:24.500,77090,3432,77080,20,77090,12,100204,1.32239e+09
cu2410,21:01:25.0,77090,3434,77080,18,77090,14,100203,1.32316e+09
cu2410,21:01:25.500,77090,3452,77080,34,77100,27,100204,1.3301e+09
cu2410,21:01:26.0,77100,3455,77090,2,77100,33,100202,1.33125e+09
cu2410,21:01:26.500,77080,3460,77080,13,77090,10,100201,1.33318e+09
cu2410,21:01:27.0,77090,3462,77080,16,77090,1,100200,1.33395e+09
cu2410,21:01:27.500,77090,3468,77080,35,77090,6,100199,1.33626e+09
cu2410,21:01:28.0,77090,3470,77080,15,77090,6,100198,1.33703e+09
cu2410,21:01:28.500,77090,3472,77080,14,77090,4,100197,1.33781e+09
cu2410,21:01:29.0,77090,3474,77080,22,77090,5,100196,1.33858e+09
cu2410,21:01:29.500,77080,3480,77080,17,77090,12,100197,1.34089e+09
cu2410,21:01:30.0,77080,3497,77070,4,77080,6,100194,1.34744e+09
cu2410,21:01:30.500,77080,3502,77070,4,77080,18,100193,1.34937e+09
cu2410,21:01:31.0,77090,3527,77080,10,77090,4,100187,1.359e+09
cu2410,21:01:31.500,77090,3533,77090,2,77100,28,100182,1.36132e+09
cu2410,21:01:32.0,77090,3537,77080,5,77090,31,100178,1.36286e+09
cu2410,21:01:32.500,77080,3542,77080,2,77090,20,100174,1.36478e+09
cu2410,21:01:33.0,77070,3549,77060,6,77080,4,100167,1.36748e+09
cu2410,21:01:33.500,77070,3552,77060,29,77080,8,100166,1.36864e+09
cu2410,21:01:34.0,77070,3553,77060,10,77070,1,100167,1.36902e+09
cu2410,21:01:34.500,77060,3555,77060,10,77070,4,100168,1.36979e+09
cu2410,21:01:35.0,77070,3557,77060,9,77070,4,100168,1.37056e+09
cu2410,21:01:35.500,77060,3564,77060,25,77080,2,100166,1.37326e+09
cu2410,21:01:36.0,77070,3569,77070,4,77080,11,100163,1.37519e+09
cu2410,21:01:36.500,77070,3579,77060,3,77070,2,100158,1.37904e+09
cu2410,21:01:37.0,77070,3580,77060,3,77070,6,100158,1.37943e+09
cu2410,21:01:37.500,77070,3582,77060,3,77070,4,100158,1.3802e+09
cu2410,21:01:38.0,77060,3585,77050,7,77060,1,100158,1.38135e+09
cu2410,21:01:38.500,77060,3587,77050,15,77060,3,100157,1.38213e+09
cu2410,21:01:39.0,77060,3590,77050,15,77060,3,100155,1.38328e+09
cu2410,21:01:39.500,77050,3594,77050,17,77060,4,100155,1.38482e+09
cu2410,21:01:40.0,77060,3597,77050,5,77060,5,100154,1.38598e+09
cu2410,21:01:40.500,77060,3603,77060,5,77070,4,100149,1.38829e+09
cu2410,21:01:41.0,77060,3610,77050,4,77060,8,100144,1.39099e+09
cu2410,21:01:41.500,77060,3611,77050,6,77060,1,100144,1.39137e+09
cu2410,21:01:42.0,77060,3613,77050,8,77060,2,100143,1.39214e+09
cu2410,21:01:42.500,77060,3616,77050,8,77070,8,100141,1.3933e+09
cu2410,21:01:43.0,77060,3618,77050,8,77070,10,100140,1.39407e+09
cu2410,21:01:43.500,77050,3621,77050,12,77060,7,100138,1.39522e+09
cu2410,21:01:44.0,77060,3624,77050,8,77060,8,100137,1.39638e+09
cu2410,21:01:44.500,77060,3627,77050,21,77060,5,100136,1.39754e+09
cu2410,21:01:45.0,77060,3634,77050,8,77060,2,100130,1.40023e+09
cu2410,21:01:45.500,77060,3639,77050,38,77060,37,100130,1.40216e+09
cu2410,21:01:46.0,77060,3643,77050,34,77060,36,100132,1.4037e+09
cu2410,21:01:46.500,77060,3644,77050,2,77060,35,100133,1.40409e+09
cu2410,21:01:47.0,77050,3646,77050,23,77060,36,100133,1.40486e+09
cu2410,21:01:47.500,77050,3646,77050,23,77060,38,100133,1.40486e+09
cu2410,21:01:48.0,77060,3649,77050,23,77060,33,100133,1.40601e+09
cu2410,21:01:48.500,77060,3655,77050,23,77060,27,100139,1.40833e+09
cu2410,21:01:49.0,77060,3660,77050,23,77060,23,100140,1.41025e+09
cu2410,21:01:49.500,77060,3662,77050,23,77060,21,100142,1.41102e+09
cu2410,21:01:50.0,77060,3668,77050,22,77060,22,100142,1.41333e+09
cu2410,21:01:50.500,77060,3668,77050,22,77060,24,100142,1.41333e+09
cu2410,21:01:51.0,77060,3674,77050,22,77060,20,100143,1.41565e+09
cu2410,21:01:51.500,77060,3695,77050,25,77060,1,100132,1.42374e+09
cu2410,21:01:52.0,77060,3699,77070,1,77080,5,100128,1.42528e+09
cu2410,21:01:52.500,77060,3706,77060,15,77070,9,100121,1.42798e+09
cu2410,21:01:53.0,77070,3707,77060,9,77070,10,100121,1.42836e+09
cu2410,21:01:53.500,77070,3708,77060,6,77070,18,100121,1.42875e+09
cu2410,21:01:54.0,77070,3708,77060,25,77070,20,100121,1.42875e+09
cu2410,21:01:54.500,77060,3710,77060,24,77070,18,100120,1.42952e+09
cu2410,21:01:55.0,77060,3712,77060,22,77070,23,100119,1.43029e+09
cu2410,21:01:55.500,77060,3718,77060,17,77070,19,100116,1.4326e+09
cu2410,21:01:56.0,77060,3718,77060,19,77070,21,100116,1.4326e+09
cu2410,21:01:56.500,77070,3719,77060,32,77070,17,100116,1.43298e+09
cu2410,21:01:57.0,77060,3722,77060,33,77070,15,100115,1.43414e+09
cu2410,21:01:57.500,77070,3726,77060,29,77070,11,100113,1.43568e+09
cu2410,21:01:58.0,77070,3733,77060,27,77070,7,100109,1.43838e+09
cu2410,21:01:58.500,77070,3734,77060,30,77070,16,100109,1.43876e+09
cu2410,21:01:59.0,77070,3737,77060,28,77070,15,100109,1.43992e+09
cu2410,21:01:59.500,77060,3757,77050,12,77060,1,100115,1.44763e+09
cu2410,21:02:00.0,77060,3758,77050,6,77060,11,100115,1.44801e+09
cu2410,21:02:00.500,77050,3759,77050,9,77060,27,100114,1.4484e+09
cu2410,21:02:01.0,77060,3763,77050,7,77060,27,100114,1.44994e+09
cu2410,21:02:01.500,77060,3764,77050,8,77060,26,100115,1.45032e+09
cu2410,21:02:02.0,77050,3765,77050,5,77060,29,100114,1.45071e+09
cu2410,21:02:02.500,77060,3770,77050,3,77060,29,100114,1.45264e+09
cu2410,21:02:03.0,77050,3774,77050,1,77060,27,100113,1.45418e+09
cu2410,21:02:03.500,77050,3775,77040,6,77060,27,100112,1.45456e+09
cu2410,21:02:04.0,77050,3775,77040,9,77050,11,100112,1.45456e+09
cu2410,21:02:04.500,77050,3776,77040,9,77050,14,100112,1.45495e+09
cu2410,21:02:05.0,77050,3793,77040,5,77050,4,100116,1.4615e+09
cu2410,21:02:05.500,77060,3808,77050,14,77060,10,100108,1.46728e+09
cu2410,21:02:06.0,77060,3813,77050,9,77060,15,100108,1.4692e+09
cu2410,21:02:06.500,77060,3816,77050,14,77060,15,100107,1.47036e+09
cu2410,21:02:07.0,77060,3834,77060,1,77070,13,100103,1.47729e+09
cu2410,21:02:07.500,77060,3835,77050,26,77070,19,100102,1.47768e+09
cu2410,21:02:08.0,77050,3839,77050,19,77070,24,100098,1.47922e+09
cu2410,21:02:08.500,77050,3839,77050,14,77060,11,100098,1.47922e+09
cu2410,21:02:09.0,77050,3841,77050,14,77060,12,100097,1.47999e+09
cu2410,21:02:09.500,77050,3843,77050,13,77060,6,100097,1.48076e+09
cu2410,21:02:10.0,77060,3844,77050,16,77060,12,100097,1.48115e+09
cu2410,21:02:10.500,77060,3847,77050,15,77060,9,100097,1.4823e+09
cu2410,21:02:11.0,77050,3858,77050,14,77060,8,100102,1.48654e+09
cu2410,21:02:11.500,77050,3861,77050,15,77060,6,100100,1.4877e+09
cu2410,21:02:12.0,77060,3868,77050,10,77070,14,100094,1.49039e+09
cu2410,21:02:12.500,77060,3870,77060,30,77070,18,100094,1.49116e+09
cu2410,21:02:13.0,77070,3872,77060,29,77070,20,100093,1.49193e+09
cu2410,21:02:13.500,77060,3878,77060,24,77070,13,100098,1.49425e+09
cu2410,21:02:14.0,77070,3884,77060,20,77070,20,100095,1.49656e+09
cu2410,21:02:14.500,77060,3894,77060,11,77070,17,100085,1.50041e+09
cu2410,21:02:15.0,77060,3903,77060,2,77070,19,100076,1.50388e+09
cu2410,21:02:15.500,77060,3905,77060,12,77070,20,100074,1.50465e+09
cu2410,21:02:16.0,77060,3906,77060,11,77070,15,100075,1.50503e+09
cu2410,21:02:16.500,77060,3906,77060,14,77070,14,100075,1.50503e+09
cu2410,21:02:17.0,77060,3906,77060,14,77070,17,100075,1.50503e+09
cu2410,21:02:17.500,77060,3906,77060,11,77070,22,100075,1.50503e+09
cu2410,21:02:18.0,77060,3909,77060,8,77070,24,100075,1.50619e+09
cu2410,21:02:18.500,77070,3926,77050,10,77070,13,100073,1.51274e+09
cu2410,21:02:19.0,77070,3931,77050,25,77060,3,100069,1.51467e+09
cu2410,21:02:19.500,77070,3941,77060,3,77070,10,100065,1.51852e+09
cu2410,21:02:20.0,77070,3941,77060,3,77070,18,100065,1.51852e+09
cu2410,21:02:20.500,77060,3944,77050,10,77070,18,100064,1.51968e+09
cu2410,21:02:21.0,77060,3944,77050,10,77060,3,100064,1.51968e+09
cu2410,21:02:21.500,77060,3945,77050,6,77060,8,100064,1.52006e+09
cu2410,21:02:22.0,77050,3947,77050,6,77060,14,100063,1.52083e+09
cu2410,21:02:22.500,77050,3950,77050,3,77060,14,100063,1.52199e+09
cu2410,21:02:23.0,77060,3958,77040,13,77050,4,100061,1.52507e+09
cu2410,21:02:23.500,77070,3974,77040,24,77070,7,100051,1.53123e+09
cu2410,21:02:24.0,77060,3975,77050,2,77060,9,100051,1.53162e+09
cu2410,21:02:24.500,77060,3976,77050,5,77070,14,100051,1.532e+09
cu2410,21:02:25.0,77060,3976,77050,15,77070,17,100051,1.532e+09
cu2410,21:02:25.500,77050,3977,77050,22,77070,14,100050,1.53239e+09
cu2410,21:02:26.0,77070,3985,77050,37,77070,1,100052,1.53547e+09
cu2410,21:02:26.500,77060,3994,77050,20,77070,20,100048,1.53894e+09
cu2410,21:02:27.0,77060,3994,77050,5,77060,10,100048,1.53894e+09
cu2410,21:02:27.500,77050,3995,77050,7,77060,2,100047,1.53933e+09
cu2410,21:02:28.0,77050,3995,77050,7,77060,4,100047,1.53933e+09
cu2410,21:02:28.500,77060,3997,77050,3,77060,9,100046,1.5401e+09
cu2410,21:02:29.0,77060,3997,77050,4,77060,12,100046,1.5401e+09
cu2410,21:02:29.500,77060,4003,77050,4,77060,4,100043,1.54241e+09
cu2410,21:02:30.0,77050,4004,77050,6,77060,9,100043,1.54279e+09
cu2410,21:02:30.500,77060,4005,77050,6,77060,6,100042,1.54318e+09
cu2410,21:02:31.0,77060,4005,77050,6,77060,10,100042,1.54318e+09
cu2410,21:02:31.500,77070,4021,77060,10,77070,2,100032,1.54934e+09
cu2410,21:02:32.0,77060,4023,77060,28,77070,2,100032,1.55011e+09
cu2410,21:02:32.500,77060,4023,77060,24,77070,7,100032,1.55011e+09
cu2410,21:02:33.0,77060,4023,77060,26,77070,5,100032,1.55011e+09
cu2410,21:02:33.500,77060,4023,77060,27,77070,2,100032,1.55011e+09
cu2410,21:02:34.0,77070,4027,77070,5,77080,20,100032,1.55166e+09
cu2410,21:02:34.500,77070,4029,77070,4,77080,21,100033,1.55243e+09
cu2410,21:02:35.0,77070,4035,77060,27,77080,19,100030,1.55474e+09
cu2410,21:02:35.500,77070,4035,77060,36,77080,19,100030,1.55474e+09
cu2410,21:02:36.0,77070,4035,77060,36,77070,1,100030,1.55474e+09
cu2410,21:02:36.500,77060,4036,77060,35,77070,6,100030,1.55512e+09
cu2410,21:02:37.0,77060,4036,77060,35,77070,6,100030,1.55512e+09
cu2410,21:02:37.500,77070,4052,77070,1,77080,10,100017,1.56129e+09
cu2410,21:02:38.0,77080,4068,77080,2,77090,35,100012,1.56746e+09
cu2410,21:02:38.500,77090,4077,77080,4,77090,33,100003,1.57092e+09
cu2410,21:02:39.0,77090,4085,77080,19,77090,24,99995,1.57401e+09
cu2410,21:02:39.500,77090,4108,77080,15,77090,1,99986,1.58287e+09
cu2410,21:02:40.0,77100,4118,77090,8,77100,18,99979,1.58673e+09
cu2410,21:02:40.500,77100,4126,77090,10,77100,12,99974,1.58981e+09
cu2410,21:02:41.0,77110,4144,77100,3,77110,14,99960,1.59675e+09
cu2410,21:02:41.500,77110,4145,77100,11,77110,13,99959,1.59714e+09
cu2410,21:02:42.0,77110,4145,77100,11,77110,14,99959,1.59714e+09
cu2410,21:02:42.500,77100,4151,77090,9,77100,1,99955,1.59945e+09
cu2410,21:02:43.0,77110,4158,77100,5,77110,7,99948,1.60215e+09
cu2410,21:02:43.500,77110,4160,77100,9,77110,5,99946,1.60292e+09
cu2410,21:02:44.0,77110,4164,77100,9,77110,2,99942,1.60446e+09
cu2410,21:02:44.500,77120,4168,77110,2,77120,10,99938,1.606e+09
cu2410,21:02:45.0,77120,4174,77110,16,77120,11,99932,1.60832e+09
cu2410,21:02:45.500,77110,4178,77110,21,77120,6,99929,1.60986e+09
cu2410,21:02:46.0,77120,4185,77120,4,77130,3,99922,1.61256e+09
cu2410,21:02:46.500,77130,4187,77120,10,77130,9,99921,1.61333e+09
cu2410,21:02:47.0,77130,4191,77120,8,77130,1,99918,1.61487e+09
cu2410,21:02:47.500,77130,4191,77120,8,77130,8,99918,1.61487e+09
cu2410,21:02:48.0,77120,4197,77120,2,77130,10,99917,1.61719e+09
cu2410,21:02:48.500,77120,4203,77110,5,77130,6,99916,1.6195e+09
cu2410,21:02:49.0,77130,4204,77110,8,77130,5,99915,1.61989e+09
cu2410,21:02:49.500,77130,4205,77120,1,77130,9,99915,1.62027e+09
cu2410,21:02:50.0,77120,4206,77110,5,77120,12,99915,1.62066e+09
cu2410,21:02:50.500,77120,4209,77110,3,77120,1,99913,1.62181e+09
cu2410,21:02:51.0,77110,4213,77100,9,77130,15,99915,1.62336e+09
cu2410,21:02:51.500,77110,4213,77100,6,77120,22,99915,1.62336e+09
cu2410,21:02:52.0,77110,4214,77100,5,77110,8,99916,1.62374e+09
cu2410,21:02:52.500,77120,4223,77100,1,77120,13,99916,1.62721e+09
cu2410,21:02:53.0,77120,4223,77100,29,77120,12,99916,1.62721e+09
cu2410,21:02:53.500,77120,4223,77110,2,77120,16,99916,1.62721e+09
cu2410,21:02:54.0,77110,4226,77110,1,77120,16,99916,1.62837e+09
cu2410,21:02:54.500,77110,4229,77100,9,77110,3,99916,1.62953e+09
cu2410,21:02:55.0,77110,4231,77100,16,77110,6,99915,1.6303e+09
cu2410,21:02:55.500,77100,4232,77100,1,77110,6,99914,1.63068e+09
cu2410,21:02:56.0,77090,4235,77090,5,77100,2,99911,1.63184e+09
cu2410,21:02:56.500,77100,4238,77090,2,77100,8,99909,1.63299e+09
cu2410,21:02:57.0,77100,4239,77090,2,77100,8,99908,1.63338e+09
cu2410,21:02:57.500,77100,4242,77090,8,77100,4,99906,1.63454e+09
cu2410,21:02:58.0,77090,4243,77090,7,77100,4,99905,1.63492e+09
cu2410,21:02:58.500,77100,4244,77080,7,77100,4,99905,1.63531e+09
cu2410,21:02:59.0,77100,4246,77080,19,77100,9,99904,1.63608e+09
cu2410,21:02:59.500,77100,4246,77090,1,77100,5,99904,1.63608e+09
cu2410,21:03:00.0,77100,4247,77090,1,77100,14,99903,1.63646e+09
cu2410,21:03:00.500,77100,4255,77080,3,77100,12,99897,1.63955e+09
cu2410,21:03:01.0,77100,4264,77090,3,77100,9,99889,1.64302e+09
cu2410,21:03:01.500,77100,4283,77100,1,77120,22,99877,1.65034e+09
cu2410,21:03:02.0,77100,4288,77100,2,77110,5,99877,1.65227e+09
cu2410,21:03:02.500,77090,4291,77090,11,77110,9,99877,1.65343e+09
cu2410,21:03:03.0,77090,4291,77090,19,77110,13,99877,1.65343e+09
cu2410,21:03:03.500,77090,4291,77090,19,77110,11,99877,1.65343e+09
cu2410,21:03:04.0,77110,4296,77100,3,77110,7,99876,1.65535e+09
cu2410,21:03:04.500,77110,4298,77100,10,77110,5,99876,1.65613e+09
cu2410,21:03:05.0,77110,4316,77110,14,77120,11,99866,1.66307e+09
cu2410,21:03:05.500,77120,4327,77130,1,77140,6,99856,1.66731e+09
cu2410,21:03:06.0,77140,4334,77130,3,77140,5,99850,1.67001e+09
cu2410,21:03:06.500,77150,4342,77140,1,77150,5,99843,1.67309e+09
cu2410,21:03:07.0,77150,4343,77130,2,77150,9,99842,1.67348e+09
cu2410,21:03:07.500,77150,4343,77130,13,77140,1,99842,1.67348e+09
cu2410,21:03:08.0,77150,4349,77140,2,77150,4,99837,1.67579e+09
cu2410,21:03:08.500,77150,4351,77140,2,77150,4,99835,1.67656e+09
cu2410,21:03:09.0,77150,4351,77140,2,77150,6,99835,1.67656e+09
cu2410,21:03:09.500,77130,4357,77130,1,77140,3,99832,1.67888e+09
cu2410,21:03:10.0,77140,4361,77130,15,77140,13,99830,1.68042e+09
cu2410,21:03:10.500,77140,4370,77120,2,77140,13,99830,1.68389e+09
cu2410,21:03:11.0,77140,4370,77120,5,77130,6,99830,1.68389e+09
cu2410,21:03:11.500,77130,4372,77120,10,77130,10,99828,1.68466e+09
cu2410,21:03:12.0,77130,4376,77120,14,77130,7,99826,1.68621e+09
cu2410,21:03:12.500,77130,4376,77120,14,77130,7,99826,1.68621e+09
cu2410,21:03:13.0,77140,4387,77120,14,77140,41,99821,1.69045e+09
cu2410,21:03:13.500,77130,4388,77130,5,77140,42,99820,1.69083e+09
cu2410,21:03:14.0,77130,4389,77130,4,77140,42,99820,1.69122e+09
cu2410,21:03:14.500,77140,4391,77130,4,77140,38,99820,1.69199e+09
cu2410,21:03:15.0,77140,4415,77120,11,77140,37,99807,1.70125e+09
cu2410,21:03:15.500,77130,4427,77130,16,77140,26,99808,1.70587e+09
cu2410,21:03:16.0,77150,4457,77140,17,77150,4,99805,1.71745e+09
cu2410,21:03:16.500,77130,4469,77130,20,77150,3,99797,1.72207e+09
cu2410,21:03:17.0,77130,4469,77130,18,77140,9,99797,1.72207e+09
cu2410,21:03:17.500,77150,4477,77150,1,77160,3,99791,1.72516e+09
cu2410,21:03:18.0,77140,4486,77130,20,77150,8,99797,1.72863e+09
cu2410,21:03:18.500,77130,4487,77140,3,77150,7,99796,1.72902e+09
cu2410,21:03:19.0,77150,4488,77140,3,77150,6,99795,1.7294e+09
cu2410,21:03:19.500,77140,4490,77140,4,77150,5,99794,1.73017e+09
cu2410,21:03:20.0,77140,4490,77140,7,77150,7,99794,1.73017e+09
cu2410,21:03:20.500,77150,4496,77140,4,77150,3,99794,1.73249e+09
cu2410,21:03:21.0,77150,4497,77150,4,77160,5,99793,1.73287e+09
cu2410,21:03:21.500,77150,4503,77150,1,77160,18,99787,1.73519e+09
cu2410,21:03:22.0,77150,4505,77150,1,77160,6,99785,1.73596e+09
cu2410,21:03:22.500,77140,4507,77140,1,77150,2,99783,1.73673e+09
cu2410,21:03:23.0,77140,4507,77140,1,77150,6,99783,1.73673e+09
cu2410,21:03:24.0,77140,4508,77140,3,77150,6,99783,1.73712e+09
cu2410,21:03:25.0,77150,4509,77130,11,77150,5,99783,1.7375e+09
cu2410,21:03:25.500,77150,4512,77140,1,77150,8,99780,1.73866e+09
cu2410,21:03:26.0,77150,4514,77130,16,77150,8,99779,1.73943e+09
cu2410,21:03:26.500,77140,4519,77140,10,77150,4,99777,1.74136e+09
cu2410,21:03:27.0,77150,4523,77140,18,77160,5,99774,1.7429e+09
cu2410,21:03:27.500,77150,4523,77150,5,77160,3,99774,1.7429e+09
cu2410,21:03:28.0,77150,4523,77150,18,77160,1,99774,1.7429e+09
cu2410,21:03:28.500,77150,4524,77150,17,77160,1,99775,1.74329e+09
cu2410,21:03:29.0,77160,4526,77150,14,77170,11,99776,1.74406e+09
cu2410,21:03:29.500,77160,4526,77150,11,77160,5,99776,1.74406e+09
cu2410,21:03:30.0,77150,4529,77150,8,77160,20,99777,1.74522e+09
cu2410,21:03:30.500,77160,4556,77160,11,77170,18,99762,1.75564e+09
cu2410,21:03:31.0,77140,4574,77140,8,77160,8,99751,1.76258e+09
cu2410,21:03:31.500,77140,4574,77140,1,77150,1,99751,1.76258e+09
cu2410,21:03:32.0,77140,4575,77140,3,77150,1,99750,1.76296e+09
cu2410,21:03:32.500,77160,4576,77150,1,77160,1,99750,1.76335e+09
cu2410,21:03:33.0,77160,4576,77150,1,77160,4,99750,1.76335e+09
cu2410,21:03:33.500,77150,4580,77140,10,77150,26,99750,1.76489e+09
cu2410,21:03:34.0,77150,4588,77140,4,77150,22,99742,1.76798e+09
cu2410,21:03:34.500,77150,4590,77140,20,77150,20,99741,1.76875e+09
cu2410,21:03:35.0,77150,4590,77140,3,77150,27,99741,1.76875e+09
cu2410,21:03:35.500,77150,4593,77140,7,77150,26,99739,1.76991e+09
cu2410,21:03:36.0,77150,4601,77140,7,77150,19,99732,1.77299e+09
cu2410,21:03:36.500,77150,4608,77140,19,77150,13,99728,1.77569e+09
cu2410,21:03:37.0,77150,4610,77140,10,77150,11,99727,1.77647e+09
cu2410,21:03:37.500,77150,4615,77140,8,77150,8,99726,1.77839e+09
cu2410,21:03:38.0,77150,4618,77140,7,77150,6,99724,1.77955e+09
cu2410,21:03:38.500,77150,4618,77140,7,77150,6,99724,1.77955e+09
cu2410,21:03:39.0,77150,4619,77140,7,77150,5,99723,1.77994e+09
cu2410,21:03:39.500,77150,4623,77140,7,77150,2,99722,1.78148e+09
cu2410,21:03:40.0,77150,4625,77140,7,77150,5,99722,1.78225e+09
cu2410,21:03:40.500,77150,4626,77140,8,77150,4,99721,1.78264e+09
cu2410,21:03:41.0,77150,4628,77140,10,77150,2,99719,1.78341e+09
cu2410,21:03:41.500,77160,4631,77150,25,77160,2,99717,1.78457e+09
cu2410,21:03:42.0,77160,4636,77150,23,77160,11,99712,1.7865e+09
cu2410,21:03:42.500,77160,4638,77150,21,77160,2,99711,1.78727e+09
cu2410,21:03:43.0,77160,4640,77150,22,77170,13,99711,1.78804e+09
cu2410,21:03:43.500,77160,4640,77150,22,77160,1,99711,1.78804e+09
cu2410,21:03:44.0,77150,4641,77150,21,77160,1,99711,1.78842e+09
cu2410,21:03:44.500,77150,4641,77150,21,77160,1,99711,1.78842e+09
cu2410,21:03:45.0,77150,4644,77150,19,77160,10,99709,1.78958e+09
cu2410,21:03:45.500,77160,4646,77150,19,77160,8,99707,1.79035e+09
cu2410,21:03:46.0,77160,4646,77150,20,77160,10,99707,1.79035e+09
cu2410,21:03:46.500,77160,4648,77150,18,77160,8,99705,1.79112e+09
cu2410,21:03:47.0,77150,4657,77150,10,77160,7,99701,1.7946e+09
cu2410,21:03:47.500,77160,4659,77150,24,77160,5,99699,1.79537e+09
cu2410,21:03:48.0,77150,4665,77150,5,77160,6,99693,1.79768e+09
cu2410,21:03:48.500,77160,4666,77150,5,77160,6,99692,1.79807e+09
cu2410,21:03:49.0,77170,4677,77160,13,77170,5,99689,1.80231e+09
cu2410,21:03:49.500,77180,4686,77170,8,77180,18,99689,1.80579e+09
cu2410,21:03:50.0,77180,4694,77170,1,77180,20,99689,1.80887e+09
cu2410,21:03:50.500,77170,4696,77170,2,77180,17,99688,1.80964e+09
cu2410,21:03:51.0,77180,4701,77170,36,77180,15,99688,1.81157e+09
cu2410,21:03:51.500,77180,4710,77170,33,77180,6,99690,1.81505e+09
cu2410,21:03:52.0,77180,4711,77170,8,77180,5,99690,1.81543e+09
cu2410,21:03:52.500,77180,4714,77170,8,77180,2,99687,1.81659e+09
cu2410,21:03:53.0,77190,4717,77180,22,77190,6,99685,1.81775e+09
cu2410,21:03:53.500,77190,4723,77190,9,77200,4,99691,1.82006e+09
cu2410,21:03:54.0,77200,4734,77180,15,77200,7,99685,1.82431e+09
cu2410,21:03:54.500,77190,4747,77190,1,77210,5,99676,1.82933e+09
cu2410,21:03:55.0,77190,4747,77190,3,77200,6,99676,1.82933e+09
cu2410,21:03:55.500,77200,4752,77190,2,77200,9,99674,1.83126e+09
cu2410,21:03:56.0,77200,4758,77200,1,77210,18,99674,1.83357e+09
cu2410,21:03:56.500,77200,4759,77190,4,77200,10,99674,1.83396e+09
cu2410,21:03:57.0,77200,4760,77200,3,77210,15,99673,1.83434e+09
cu2410,21:03:57.500,77200,4765,77180,10,77200,1,99674,1.83627e+09
cu2410,21:03:58.0,77200,4768,77180,7,77200,18,99675,1.83743e+09
cu2410,21:03:58.500,77180,4771,77180,7,77200,15,99674,1.83859e+09
cu2410,21:03:59.0,77200,4776,77180,31,77200,7,99672,1.84052e+09
cu2410,21:03:59.500,77200,4777,77190,2,77210,16,99671,1.84091e+09
cu2410,21:04:46.0,77210,5169,77210,5,77220,10,99485,1.99225e+09
cu2410,21:04:46.500,77210,5169,77210,5,77220,10,99485,1.99225e+09
cu2410,21:04:47.0,77210,5169,77210,8,77220,9,99485,1.99225e+09
cu2410,21:04:47.500,77220,5171,77210,8,77220,7,99485,1.99302e+09
cu2410,21:04:48.0,77220,5171,77210,9,77220,7,99485,1.99302e+09
cu2410,21:04:48.500,77210,5186,77200,11,77210,3,99482,1.99881e+09
cu2410,21:04:49.0,77200,5195,77200,11,77230,20,99479,2.00229e+09
cu2410,21:04:49.500,77200,5201,77200,11,77220,3,99473,2.00461e+09
cu2410,21:04:50.0,77200,5201,77210,3,77220,4,99473,2.00461e+09
cu2410,21:04:50.500,77200,5201,77210,3,77220,2,99473,2.00461e+09
cu2410,21:04:51.0,77200,5201,77210,3,77220,7,99473,2.00461e+09
cu2410,21:04:51.500,77200,5201,77210,3,77220,11,99473,2.00461e+09
cu2410,21:04:52.0,77220,5202,77210,3,77220,10,99473,2.00499e+09
cu2410,21:04:52.500,77220,5203,77210,3,77220,16,99473,2.00538e+09
cu2410,21:04:53.0,77210,5206,77200,14,77220,21,99473,2.00654e+09
cu2410,21:04:53.500,77200,5210,77200,8,77220,26,99469,2.00808e+09
cu2410,21:04:54.0,77200,5214,77200,7,77210,6,99465,2.00962e+09
cu2410,21:04:54.500,77210,5226,77200,3,77210,10,99461,2.01426e+09
cu2410,21:04:55.0,77210,5246,77210,3,77220,19,99453,2.02198e+09
cu2410,21:04:55.500,77200,5250,77200,3,77210,20,99451,2.02352e+09
cu2410,21:04:56.0,77210,5252,77190,8,77210,16,99451,2.02429e+09
cu2410,21:04:56.500,77200,5260,77200,2,77210,9,99445,2.02738e+09
cu2410,21:04:57.0,77200,5260,77190,6,77210,9,99445,2.02738e+09
cu2410,21:04:57.500,77190,5264,77190,7,77210,29,99441,2.02893e+09
cu2410,21:04:58.0,77190,5264,77190,4,77210,9,99441,2.02893e+09
cu2410,21:04:58.500,77190,5265,77190,5,77200,1,99440,2.02931e+09
cu2410,21:04:59.0,77190,5265,77180,10,77200,4,99440,2.02931e+09
cu2410,21:04:59.500,77200,5267,77180,5,77200,10,99438,2.03008e+09
cu2410,21:05:00.0,77190,5285,77190,2,77200,1,99426,2.03703e+09
cu2410,21:05:00.500,77190,5286,77200,1,77210,14,99427,2.03742e+09
cu2410,21:05:01.0,77200,5290,77190,5,77200,5,99427,2.03896e+09
cu2410,21:05:01.500,77200,5298,77190,7,77210,9,99419,2.04205e+09
cu2410,21:05:02.0,77200,5308,77190,4,77210,31,99412,2.04591e+09
cu2410,21:05:02.500,77190,5309,77190,2,77200,7,99411,2.04629e+09
cu2410,21:05:03.0,77190,5310,77180,12,77190,2,99410,2.04668e+09
cu2410,21:05:03.500,77190,5311,77180,4,77190,5,99410,2.04707e+09
cu2410,21:05:04.0,77190,5315,77180,13,77190,7,99406,2.04861e+09
cu2410,21:05:04.500,77190,5320,77180,12,77190,9,99401,2.05054e+09
cu2410,21:05:05.0,77210,5334,77200,1,77210,9,99394,2.05594e+09
cu2410,21:05:05.500,77200,5338,77190,3,77200,14,99393,2.05749e+09
cu2410,21:05:06.0,77190,5345,77190,2,77210,13,99390,2.06019e+09
cu2410,21:05:06.500,77190,5345,77200,10,77210,16,99390,2.06019e+09
cu2410,21:05:07.0,77210,5354,77190,10,77210,4,99381,2.06366e+09
cu2410,21:05:07.500,77200,5358,77200,4,77210,3,99378,2.06521e+09
cu2410,21:05:08.0,77200,5358,77200,5,77210,11,99378,2.06521e+09
cu2410,21:05:08.500,77210,5364,77200,1,77210,5,99373,2.06752e+09
cu2410,21:05:09.0,77210,5364,77200,4,77210,8,99373,2.06752e+09
cu2410,21:05:09.500,77210,5364,77200,4,77210,6,99373,2.06752e+09
cu2410,21:05:10.0,77200,5366,77200,3,77210,7,99374,2.0683e+09
cu2410,21:05:10.500,77200,5366,77200,4,77210,7,99374,2.0683e+09
cu2410,21:05:11.0,77200,5367,77200,3,77210,7,99374,2.06868e+09
cu2410,21:05:11.500,77210,5368,77200,4,77210,7,99373,2.06907e+09
cu2410,21:05:12.0,77210,5368,77200,4,77210,6,99373,2.06907e+09
cu2410,21:05:12.500,77210,5374,77210,2,77220,10,99367,2.07138e+09
cu2410,21:05:13.0,77210,5377,77200,4,77210,6,99365,2.07254e+09
cu2410,21:05:13.500,77200,5381,77200,2,77210,4,99363,2.07409e+09
cu2410,21:05:14.0,77210,5391,77210,20,77220,23,99359,2.07795e+09
cu2410,21:05:14.500,77190,5414,77190,7,77210,8,99353,2.08683e+09
cu2410,21:05:15.0,77190,5416,77190,1,77200,1,99352,2.0876e+09
cu2410,21:05:15.500,77190,5416,77190,2,77200,1,99352,2.0876e+09
cu2410,21:05:16.500,77190,5416,77190,8,77210,13,99352,2.0876e+09
cu2410,21:05:17.0,77190,5416,77200,5,77210,37,99352,2.0876e+09
cu2410,21:05:17.500,77190,5416,77200,7,77210,33,99352,2.0876e+09
cu2410,21:05:18.0,77190,5416,77200,7,77210,30,99352,2.0876e+09
cu2410,21:05:18.500,77210,5422,77200,4,77210,6,99351,2.08991e+09
cu2410,21:05:19.0,77200,5427,77190,8,77200,2,99348,2.09184e+09
cu2410,21:05:19.500,77200,5429,77200,6,77210,4,99347,2.09262e+09
cu2410,21:05:20.0,77200,5430,77200,7,77210,6,99346,2.093e+09
cu2410,21:05:20.500,77200,5431,77200,6,77210,6,99345,2.09339e+09
cu2410,21:05:21.0,77200,5431,77200,6,77210,5,99345,2.09339e+09
cu2410,21:05:21.500,77200,5440,77190,9,77200,52,99345,2.09686e+09
cu2410,21:05:22.0,77200,5446,77190,5,77200,47,99344,2.09918e+09
cu2410,21:05:22.500,77190,5451,77190,3,77200,47,99341,2.10111e+09
cu2410,21:05:23.0,77190,5451,77190,4,77200,47,99341,2.10111e+09
cu2410,21:05:23.500,77200,5458,77190,10,77200,48,99338,2.10381e+09
cu2410,21:05:24.0,77200,5458,77190,6,77200,54,99338,2.10381e+09
cu2410,21:05:24.500,77190,5461,77190,4,77200,54,99336,2.10497e+09
cu2410,21:05:25.0,77200,5465,77190,4,77200,53,99334,2.10651e+09
cu2410,21:05:25.500,77200,5469,77190,3,77200,50,99333,2.10806e+09
cu2410,21:05:26.0,77200,5474,77190,2,77200,45,99338,2.10999e+09
cu2410,21:05:26.500,77200,5479,77190,7,77200,42,99338,2.11192e+09
cu2410,21:05:27.0,77200,5486,77190,16,77200,36,99340,2.11462e+09
cu2410,21:05:27.500,77200,5501,77190,11,77200,21,99340,2.12041e+09
cu2410,21:05:28.0,77200,5502,77190,14,77200,20,99340,2.12079e+09
cu2410,21:05:28.500,77190,5506,77190,13,77200,17,99340,2.12234e+09
cu2410,21:05:29.0,77190,5512,77190,11,77200,13,99338,2.12465e+09
cu2410,21:05:29.500,77200,5513,77190,11,77200,12,99337,2.12504e+09
cu2410,21:05:30.0,77200,5528,77200,14,77210,9,99328,2.13083e+09
cu2410,21:05:30.500,77200,5530,77200,12,77210,13,99326,2.1316e+09
cu2410,21:05:31.0,77200,5539,77200,3,77210,13,99320,2.13508e+09
cu2410,21:05:31.500,77190,5543,77190,3,77200,3,99319,2.13662e+09
cu2410,21:05:32.0,77200,5548,77190,1,77200,5,99316,2.13855e+09
cu2410,21:05:32.500,77200,5549,77190,3,77200,7,99315,2.13894e+09
cu2410,21:05:33.0,77190,5553,77180,13,77200,8,99311,2.14048e+09
cu2410,21:05:33.500,77190,5553,77180,25,77190,1,99311,2.14048e+09
cu2410,21:05:34.0,77190,5556,77190,1,77200,5,99308,2.14164e+09
cu2410,21:05:34.500,77190,5557,77180,8,77190,2,99308,2.14202e+09
cu2410,21:05:35.0,77180,5578,77180,3,77210,30,99293,2.15013e+09
cu2410,21:05:35.500,77180,5578,77190,1,77200,14,99293,2.15013e+09
cu2410,21:05:36.0,77190,5579,77180,6,77190,1,99293,2.15051e+09
cu2410,21:05:36.500,77190,5580,77190,4,77200,11,99292,2.1509e+09
cu2410,21:05:37.0,77200,5582,77190,3,77200,7,99291,2.15167e+09
cu2410,21:05:37.500,77190,5583,77190,5,77200,4,99290,2.15206e+09
cu2410,21:05:38.0,77190,5584,77190,4,77210,30,99289,2.15244e+09
cu2410,21:05:38.500,77190,5588,77180,6,77190,1,99289,2.15399e+09
cu2410,21:05:39.0,77190,5589,77180,14,77190,1,99289,2.15437e+09
cu2410,21:05:39.500,77190,5590,77190,3,77200,7,99288,2.15476e+09
cu2410,21:05:40.0,77190,5590,77190,3,77200,9,99288,2.15476e+09
cu2410,21:05:40.500,77200,5591,77190,3,77200,9,99287,2.15515e+09
cu2410,21:05:41.0,77200,5591,77190,3,77200,9,99287,2.15515e+09
cu2410,21:05:41.500,77200,5591,77190,4,77200,10,99287,2.15515e+09
cu2410,21:05:42.0,77200,5591,77190,4,77200,9,99287,2.15515e+09
cu2410,21:05:42.500,77190,5595,77190,3,77200,8,99283,2.15669e+09
cu2410,21:05:43.0,77190,5595,77190,2,77200,8,99283,2.15669e+09
cu2410,21:05:43.500,77190,5595,77190,2,77200,11,99283,2.15669e+09
cu2410,21:05:44.0,77190,5597,77180,7,77190,1,99281,2.15746e+09
cu2410,21:05:44.500,77200,5599,77180,6,77190,1,99279,2.15823e+09
cu2410,21:05:45.0,77200,5599,77180,5,77190,3,99279,2.15823e+09
cu2410,21:05:45.500,77200,5608,77190,5,77200,20,99277,2.16171e+09
cu2410,21:05:46.0,77200,5608,77190,1,77200,24,99277,2.16171e+09
cu2410,21:05:46.500,77190,5609,77180,12,77200,24,99277,2.16209e+09
cu2410,21:05:47.0,77190,5609,77190,1,77200,24,99277,2.16209e+09
cu2410,21:05:47.500,77180,5611,77180,6,77200,24,99275,2.16287e+09
cu2410,21:05:48.0,77180,5614,77180,8,77200,23,99273,2.16402e+09
cu2410,21:05:48.500,77180,5614,77180,8,77200,23,99273,2.16402e+09
cu2410,21:05:50.0,77180,5617,77180,4,77200,23,99270,2.16518e+09
cu2410,21:05:50.500,77190,5618,77180,1,77190,5,99270,2.16557e+09
cu2410,21:05:51.0,77180,5619,77170,12,77190,5,99269,2.16595e+09
cu2410,21:05:51.500,77180,5619,77170,25,77190,9,99269,2.16595e+09
cu2410,21:05:52.0,77180,5619,77170,26,77180,1,99269,2.16595e+09
cu2410,21:05:52.500,77170,5623,77170,6,77180,1,99267,2.1675e+09
cu2410,21:05:53.0,77170,5627,77170,5,77180,1,99268,2.16904e+09
cu2410,21:05:53.500,77170,5627,77170,4,77180,1,99268,2.16904e+09
cu2410,21:05:54.0,77180,5628,77170,4,77190,9,99267,2.16943e+09
cu2410,21:05:54.500,77190,5630,77160,6,77170,1,99266,2.1702e+09
cu2410,21:05:55.0,77190,5638,77170,4,77190,8,99260,2.17328e+09
cu2410,21:05:55.500,77190,5641,77170,8,77190,25,99258,2.17444e+09
cu2410,21:05:56.0,77190,5641,77180,3,77190,27,99258,2.17444e+09
cu2410,21:05:56.500,77170,5646,77170,6,77190,2,99254,2.17637e+09
cu2410,21:05:57.0,77170,5647,77180,1,77190,10,99253,2.17676e+09
cu2410,21:05:57.500,77180,5651,77170,11,77180,98,99254,2.1783e+09
cu2410,21:05:58.0,77170,5660,77160,13,77180,96,99256,2.18177e+09
cu2410,21:05:58.500,77180,5661,77170,3,77180,95,99257,2.18216e+09
cu2410,21:05:59.0,77170,5734,77170,3,77180,24,99259,2.21033e+09
cu2410,21:05:59.500,77180,5740,77170,5,77180,20,99261,2.21265e+09
cu2410,21:06:00.0,77170,5752,77170,6,77180,15,99257,2.21728e+09
cu2410,21:06:00.500,77180,5755,77170,5,77180,17,99258,2.21843e+09
cu2410,21:06:01.0,77180,5773,77170,8,77190,11,99252,2.22538e+09
cu2410,21:06:01.500,77180,5784,77180,17,77190,7,99244,2.22963e+09
cu2410,21:06:02.0,77200,5794,77190,15,77200,15,99236,2.23348e+09
cu2410,21:06:02.500,77190,5811,77190,4,77200,1,99232,2.24005e+09
cu2410,21:06:03.0,77200,5812,77190,4,77200,3,99232,2.24043e+09
cu2410,21:06:03.500,77200,5813,77190,7,77200,2,99232,2.24082e+09
cu2410,21:06:04.0,77200,5816,77190,7,77210,32,99232,2.24198e+09
cu2410,21:06:04.500,77200,5816,77190,12,77210,34,99232,2.24198e+09
cu2410,21:06:05.0,77200,5817,77190,12,77210,35,99232,2.24236e+09
cu2410,21:06:05.500,77210,5823,77190,9,77210,34,99228,2.24468e+09
cu2410,21:06:06.0,77200,5824,77190,9,77210,31,99228,2.24506e+09
cu2410,21:06:06.500,77200,5824,77190,10,77210,31,99228,2.24506e+09
cu2410,21:06:07.0,77200,5824,77200,10,77210,31,99228,2.24506e+09
cu2410,21:06:07.500,77210,5825,77200,10,77210,30,99227,2.24545e+09
cu2410,21:06:08.0,77210,5825,77200,10,77210,33,99227,2.24545e+09
cu2410,21:06:09.0,77210,5825,77200,10,77210,60,99227,2.24545e+09
cu2410,21:06:09.500,77210,5828,77200,10,77210,57,99224,2.24661e+09
cu2410,21:06:10.0,77210,5829,77200,11,77210,58,99223,2.247e+09
cu2410,21:06:10.500,77210,5834,77200,11,77210,52,99219,2.24893e+09
cu2410,21:06:11.0,77210,5844,77200,8,77210,44,99210,2.25279e+09
cu2410,21:06:11.500,77210,5851,77200,11,77210,38,99206,2.25549e+09
cu2410,21:06:12.0,77210,5868,77200,11,77210,21,99196,2.26205e+09
cu2410,21:06:12.500,77230,5894,77220,1,77230,7,99186,2.27209e+09
cu2410,21:06:13.0,77220,5896,77200,11,77230,14,99185,2.27286e+09
cu2410,21:06:13.500,77210,5897,77210,12,77230,9,99184,2.27325e+09
cu2410,21:06:14.0,77210,5899,77210,13,77230,8,99184,2.27402e+09
cu2410,21:06:14.500,77210,5899,77210,13,77230,9,99184,2.27402e+09
cu2410,21:06:15.0,77230,5900,77210,30,77230,7,99184,2.2744e+09
cu2410,21:06:15.500,77230,5901,77220,1,77230,6,99184,2.27479e+09
cu2410,21:06:16.0,77210,5905,77210,16,77230,8,99184,2.27634e+09
cu2410,21:06:16.500,77220,5908,77210,28,77230,10,99182,2.27749e+09
cu2410,21:06:17.0,77230,5914,77210,25,77230,7,99178,2.27981e+09
cu2410,21:06:17.500,77230,5915,77220,10,77230,3,99178,2.2802e+09
cu2410,21:06:18.0,77230,5916,77220,10,77230,7,99178,2.28058e+09
cu2410,21:06:19.0,77230,5916,77220,10,77230,9,99178,2.28058e+09
cu2410,21:06:19.500,77230,5916,77210,9,77230,10,99178,2.28058e+09
cu2410,21:06:20.0,77210,5918,77210,29,77220,1,99177,2.28136e+09
cu2410,21:06:20.500,77220,5919,77220,4,77230,12,99176,2.28174e+09
cu2410,21:06:21.0,77230,5923,77220,1,77230,18,99173,2.28329e+09
cu2410,21:06:21.500,77210,5927,77210,8,77220,1,99169,2.28483e+09
cu2410,21:06:22.0,77220,5928,77210,6,77220,3,99168,2.28522e+09
cu2410,21:06:22.500,77230,5939,77210,6,77220,2,99167,2.28946e+09
cu2410,21:06:23.0,77220,5940,77210,5,77220,2,99167,2.28985e+09
cu2410,21:06:23.500,77230,5945,77220,1,77230,13,99162,2.29178e+09
cu2410,21:06:24.0,77220,5950,77220,6,77230,21,99161,2.29371e+09
cu2410,21:06:24.500,77220,5956,77210,9,77220,1,99162,2.29603e+09
cu2410,21:06:25.0,77220,5958,77210,5,77230,13,99160,2.2968e+09
cu2410,21:06:25.500,77220,5963,77210,13,77220,4,99159,2.29873e+09
cu2410,21:06:26.0,77220,5964,77210,13,77220,5,99160,2.29912e+09
cu2410,21:06:26.500,77220,5975,77210,13,77230,15,99153,2.30336e+09
cu2410,21:06:27.0,77220,5975,77210,13,77220,6,99153,2.30336e+09
cu2410,21:06:27.500,77210,5976,77210,12,77220,7,99153,2.30375e+09
cu2410,21:06:28.500,77210,5977,77210,11,77220,7,99153,2.30414e+09
cu2410,21:06:29.0,77210,5984,77210,4,77220,9,99146,2.30684e+09
cu2410,21:06:29.500,77200,5989,77200,9,77220,10,99143,2.30877e+09
cu2410,21:06:30.0,77220,5999,77200,8,77220,5,99135,2.31263e+09
cu2410,21:06:30.500,77220,5999,77200,9,77210,9,99135,2.31263e+09
cu2410,21:06:31.0,77200,6000,77200,8,77210,10,99134,2.31301e+09
cu2410,21:06:31.500,77210,6001,77200,8,77210,8,99134,2.3134e+09
cu2410,21:06:32.0,77200,6003,77200,7,77210,4,99134,2.31417e+09
cu2410,21:06:32.500,77200,6003,77200,7,77210,5,99134,2.31417e+09
cu2410,21:06:33.0,77200,6003,77200,7,77210,7,99134,2.31417e+09
cu2410,21:06:34.0,77210,6006,77200,7,77210,4,99131,2.31533e+09
cu2410,21:06:34.500,77210,6006,77200,7,77210,4,99131,2.31533e+09
cu2410,21:06:35.0,77200,6008,77200,6,77210,4,99129,2.3161e+09
cu2410,21:06:35.500,77200,6010,77200,4,77210,28,99128,2.31688e+09
cu2410,21:06:36.0,77200,6014,77190,4,77200,4,99128,2.31842e+09
cu2410,21:06:36.500,77200,6014,77190,4,77200,7,99128,2.31842e+09
cu2410,21:06:37.0,77200,6014,77190,4,77200,9,99128,2.31842e+09
cu2410,21:06:37.500,77200,6014,77190,4,77200,9,99128,2.31842e+09
cu2410,21:06:38.0,77210,6025,77180,10,77210,5,99119,2.32266e+09
cu2410,21:06:38.500,77190,6026,77190,28,77210,3,99120,2.32305e+09
cu2410,21:06:39.0,77210,6027,77190,28,77220,8,99120,2.32344e+09
cu2410,21:06:39.500,77210,6027,77190,28,77210,2,99120,2.32344e+09
cu2410,21:06:40.0,77210,6027,77190,21,77210,5,99120,2.32344e+09
cu2410,21:06:40.500,77190,6029,77200,1,77210,5,99118,2.32421e+09
cu2410,21:06:41.0,77200,6031,77200,8,77210,4,99117,2.32498e+09
cu2410,21:06:41.500,77210,6032,77200,4,77210,3,99117,2.32537e+09
cu2410,21:06:42.0,77200,6034,77200,3,77210,2,99116,2.32614e+09
cu2410,21:06:42.500,77210,6035,77200,3,77210,1,99116,2.32653e+09
cu2410,21:06:43.0,77210,6036,77200,3,77210,4,99116,2.32691e+09
cu2410,21:06:43.500,77210,6038,77200,8,77210,5,99115,2.32768e+09
cu2410,21:06:44.0,77210,6039,77200,5,77210,5,99115,2.32807e+09
cu2410,21:06:44.500,77210,6040,77200,10,77210,7,99115,2.32846e+09
cu2410,21:06:45.0,77220,6049,77200,10,77220,4,99107,2.33193e+09
cu2410,21:06:45.500,77220,6051,77220,3,77230,12,99106,2.3327e+09
cu2410,21:06:46.0,77230,6052,77220,3,77230,10,99106,2.33309e+09
cu2410,21:06:46.500,77230,6052,77220,3,77230,9,99106,2.33309e+09
cu2410,21:06:47.0,77230,6054,77220,3,77230,7,99104,2.33386e+09
cu2410,21:06:47.500,77230,6054,77220,3,77230,7,99104,2.33386e+09
cu2410,21:06:48.0,77230,6054,77220,3,77230,7,99104,2.33386e+09
cu2410,21:06:48.500,77230,6054,77220,3,77230,7,99104,2.33386e+09
cu2410,21:06:49.0,77230,6054,77220,3,77230,7,99104,2.33386e+09
cu2410,21:06:49.500,77230,6054,77220,3,77230,8,99104,2.33386e+09
cu2410,21:06:50.0,77230,6059,77210,11,77230,5,99099,2.33579e+09
cu2410,21:06:50.500,77230,6061,77210,12,77230,5,99099,2.33656e+09
cu2410,21:06:51.0,77240,6069,77230,1,77240,39,99097,2.33965e+09
cu2410,21:06:51.500,77230,6070,77220,5,77230,7,99096,2.34004e+09
cu2410,21:06:52.0,77220,6072,77210,11,77230,5,99095,2.34081e+09
cu2410,21:06:52.500,77220,6073,77210,11,77230,5,99096,2.3412e+09
cu2410,21:06:53.0,77210,6074,77210,10,77220,1,99095,2.34158e+09
cu2410,21:06:53.500,77230,6085,77210,7,77220,6,99090,2.34583e+09
cu2410,21:06:54.0,77220,6090,77210,8,77220,1,99091,2.34776e+09
cu2410,21:06:54.500,77220,6091,77210,12,77230,12,99091,2.34815e+09
cu2410,21:06:55.0,77220,6091,77210,8,77230,12,99091,2.34815e+09
cu2410,21:06:55.500,77210,6092,77210,7,77230,12,99090,2.34853e+09
cu2410,21:06:56.500,77230,6093,77210,8,77230,17,99091,2.34892e+09
cu2410,21:06:57.0,77210,6094,77210,7,77230,17,99091,2.34931e+09
cu2410,21:06:57.500,77230,6095,77210,7,77230,16,99092,2.34969e+09
cu2410,21:06:58.0,77230,6095,77220,10,77230,17,99092,2.34969e+09
cu2410,21:06:58.500,77220,6096,77220,9,77230,17,99093,2.35008e+09
cu2410,21:06:59.0,77230,6097,77220,9,77230,16,99094,2.35046e+09
cu2410,21:06:59.500,77230,6099,77220,9,77230,14,99096,2.35124e+09
cu2410,21:07:00.0,77230,6105,77220,9,77230,8,99102,2.35355e+09
cu2410,21:07:00.500,77220,6108,77220,6,77230,9,99102,2.35471e+09
cu2410,21:07:01.0,77210,6115,77210,5,77230,13,99109,2.35741e+09
cu2410,21:07:01.500,77210,6115,77210,6,77220,4,99109,2.35741e+09
cu2410,21:07:02.0,77220,6117,77210,1,77220,11,99108,2.35819e+09
cu2410,21:07:02.500,77220,6118,77210,1,77220,9,99108,2.35857e+09
cu2410,21:07:03.0,77220,6118,77210,1,77220,9,99108,2.35857e+09
cu2410,21:07:03.500,77220,6120,77210,6,77220,5,99107,2.35934e+09
cu2410,21:07:04.0,77210,6121,77210,7,77220,6,99106,2.35973e+09
cu2410,21:07:04.500,77220,6130,77220,1,77230,13,99109,2.36321e+09
cu2410,21:07:05.0,77220,6131,77210,4,77220,1,99109,2.36359e+09
cu2410,21:07:05.500,77220,6131,77210,4,77220,2,99109,2.36359e+09
cu2410,21:07:06.0,77220,6131,77210,14,77220,2,99109,2.36359e+09
cu2410,21:07:07.0,77220,6131,77210,14,77220,3,99109,2.36359e+09
cu2410,21:07:07.500,77220,6132,77210,14,77220,2,99109,2.36398e+09
cu2410,21:07:08.0,77220,6132,77210,17,77220,5,99109,2.36398e+09
cu2410,21:07:08.500,77210,6133,77210,13,77220,5,99108,2.36436e+09
cu2410,21:07:09.0,77210,6133,77210,13,77220,5,99108,2.36436e+09
cu2410,21:07:09.500,77220,6134,77210,13,77220,4,99108,2.36475e+09
cu2410,21:07:10.0,77220,6135,77210,12,77220,3,99108,2.36514e+09
cu2410,21:07:10.500,77220,6135,77210,12,77220,3,99108,2.36514e+09
cu2410,21:07:11.0,77220,6135,77210,11,77220,3,99108,2.36514e+09
cu2410,21:07:11.500,77220,6135,77210,14,77220,4,99108,2.36514e+09
cu2410,21:07:12.0,77220,6139,77210,11,77230,10,99105,2.36668e+09
cu2410,21:07:12.500,77220,6139,77220,9,77230,9,99105,2.36668e+09
cu2410,21:07:13.500,77230,6141,77220,9,77230,7,99104,2.36745e+09
cu2410,21:07:14.0,77230,6144,77220,12,77230,7,99102,2.36861e+09
cu2410,21:07:14.500,77230,6151,77230,4,77240,40,99095,2.37131e+09
cu2410,21:07:15.0,77230,6152,77230,20,77240,35,99095,2.3717e+09
cu2410,21:07:15.500,77230,6152,77230,17,77240,35,99095,2.3717e+09
cu2410,21:07:16.0,77230,6152,77230,17,77240,35,99095,2.3717e+09
cu2410,21:07:16.500,77230,6152,77230,18,77240,36,99095,2.3717e+09
cu2410,21:07:17.500,77240,6155,77230,18,77240,33,99092,2.37286e+09
cu2410,21:07:18.0,77240,6155,77230,18,77240,33,99092,2.37286e+09
cu2410,21:07:18.500,77230,6157,77230,16,77240,33,99090,2.37363e+09
cu2410,21:07:19.0,77240,6160,77230,17,77240,30,99087,2.37479e+09
cu2410,21:07:42.0,77260,6262,77250,10,77260,8,99053,2.41419e+09
cu2410,21:07:42.500,77260,6263,77250,15,77260,15,99053,2.41457e+09
cu2410,21:07:43.0,77260,6266,77250,15,77260,12,99055,2.41573e+09
cu2410,21:07:43.500,77260,6276,77250,15,77260,2,99046,2.41959e+09
cu2410,21:07:44.0,77260,6277,77250,15,77270,5,99045,2.41998e+09
cu2410,21:07:44.500,77260,6277,77250,19,77270,8,99045,2.41998e+09
cu2410,21:07:45.0,77260,6277,77250,19,77270,9,99045,2.41998e+09
cu2410,21:07:45.500,77260,6277,77250,15,77260,1,99045,2.41998e+09
cu2410,21:07:46.0,77260,6279,77260,2,77270,5,99043,2.42075e+09
cu2410,21:07:46.500,77260,6280,77260,1,77270,10,99042,2.42114e+09
cu2410,21:07:47.0,77260,6281,77250,14,77270,17,99041,2.42152e+09
cu2410,21:07:47.500,77260,6281,77260,1,77270,5,99041,2.42152e+09
cu2410,21:07:48.0,77260,6283,77250,14,77270,18,99040,2.4223e+09
cu2410,21:07:48.500,77260,6285,77260,1,77270,18,99039,2.42307e+09
cu2410,21:07:49.0,77260,6286,77250,18,77270,18,99038,2.42346e+09
cu2410,21:07:49.500,77250,6292,77250,12,77270,19,99033,2.42577e+09
cu2410,21:07:50.0,77260,6294,77250,7,77260,10,99031,2.42655e+09
cu2410,21:07:50.500,77260,6294,77250,7,77260,9,99031,2.42655e+09
cu2410,21:07:51.0,77260,6294,77250,7,77260,7,99031,2.42655e+09
cu2410,21:07:51.500,77260,6294,77250,10,77260,7,99031,2.42655e+09
cu2410,21:07:52.0,77260,6295,77250,10,77260,5,99031,2.42693e+09
cu2410,21:07:52.500,77260,6298,77260,4,77270,17,99028,2.42809e+09
cu2410,21:07:53.0,77260,6302,77250,10,77270,26,99024,2.42964e+09
cu2410,21:07:53.500,77260,6302,77250,10,77270,26,99024,2.42964e+09
cu2410,21:07:54.0,77260,6302,77250,11,77270,26,99024,2.42964e+09
cu2410,21:07:54.500,77260,6302,77250,11,77270,28,99024,2.42964e+09
cu2410,21:07:55.500,77260,6303,77250,11,77260,1,99023,2.43002e+09
cu2410,21:07:56.0,77260,6303,77250,11,77260,4,99023,2.43002e+09
cu2410,21:07:56.500,77260,6303,77250,11,77260,5,99023,2.43002e+09
cu2410,21:07:57.0,77250,6306,77250,234,77260,14,99020,2.43118e+09
cu2410,21:07:57.500,77250,6309,77250,233,77260,12,99019,2.43234e+09
cu2410,21:07:58.0,77260,6311,77250,232,77260,11,99018,2.43311e+09
cu2410,21:07:58.500,77250,6313,77250,231,77260,15,99019,2.43389e+09
cu2410,21:07:59.0,77250,6316,77250,228,77260,15,99018,2.43504e+09
cu2410,21:07:59.500,77250,6420,77250,124,77260,43,98926,2.47521e+09
cu2410,21:08:00.0,77240,6553,77230,7,77250,7,98859,2.52659e+09
cu2410,21:08:00.500,77230,6559,77220,7,77240,14,98855,2.5289e+09
cu2410,21:08:01.0,77240,6566,77220,9,77240,14,98850,2.53161e+09
cu2410,21:08:01.500,77240,6573,77230,3,77240,41,98853,2.53431e+09
cu2410,21:08:02.0,77230,6574,77230,16,77240,15,98852,2.5347e+09
cu2410,21:08:02.500,77240,6577,77230,22,77240,12,98850,2.53585e+09
cu2410,21:08:03.0,77230,6581,77230,19,77240,13,98846,2.5374e+09
cu2410,21:08:03.500,77230,6582,77230,13,77240,13,98845,2.53778e+09
cu2410,21:08:04.0,77230,6582,77230,11,77240,12,98845,2.53778e+09
cu2410,21:08:04.500,77240,6583,77230,2,77240,11,98845,2.53817e+09
cu2410,21:08:05.0,77240,6583,77230,13,77240,12,98845,2.53817e+09
cu2410,21:08:05.500,77240,6583,77230,7,77240,13,98845,2.53817e+09
cu2410,21:08:06.0,77240,6583,77230,2,77240,46,98845,2.53817e+09
cu2410,21:08:06.500,77230,6585,77220,17,77240,47,98844,2.53894e+09
cu2410,21:08:07.0,77240,6590,77230,20,77240,7,98840,2.54087e+09
cu2410,21:08:07.500,77240,6598,77230,33,77250,8,98837,2.54396e+09
cu2410,21:08:08.0,77240,6601,77240,14,77250,44,98836,2.54512e+09
cu2410,21:08:08.500,77240,6604,77240,16,77250,9,98836,2.54628e+09
cu2410,21:08:09.0,77250,6610,77240,22,77250,6,98836,2.5486e+09
cu2410,21:08:09.500,77250,6616,77250,5,77260,2,98834,2.55092e+09
cu2410,21:08:10.0,77240,6637,77240,3,77260,12,98841,2.55903e+09
cu2410,21:08:10.500,77240,6637,77240,2,77250,3,98841,2.55903e+09
cu2410,21:08:11.0,77240,6637,77240,3,77250,10,98841,2.55903e+09
cu2410,21:08:11.500,77250,6643,77230,19,77250,4,98837,2.56134e+09
cu2410,21:08:12.0,77250,6643,77240,2,77260,7,98837,2.56134e+09
cu2410,21:08:12.500,77250,6643,77230,19,77250,1,98837,2.56134e+09
cu2410,21:08:13.0,77250,6643,77240,2,77250,7,98837,2.56134e+09
cu2410,21:08:13.500,77250,6651,77240,4,77260,18,98831,2.56443e+09
cu2410,21:08:14.0,77250,6652,77230,19,77260,49,98831,2.56482e+09
cu2410,21:08:14.500,77250,6652,77230,20,77250,2,98831,2.56482e+09
cu2410,21:08:15.0,77250,6652,77240,2,77250,4,98831,2.56482e+09
cu2410,21:08:15.500,77250,6652,77240,2,77250,8,98831,2.56482e+09
cu2410,21:08:16.0,77230,6672,77220,16,77230,6,98822,2.57254e+09
cu2410,21:08:16.500,77230,6678,77230,6,77240,4,98816,2.57486e+09
cu2410,21:08:17.0,77250,6687,77230,3,77250,2,98808,2.57834e+09
cu2410,21:08:17.500,77230,6689,77230,5,77240,8,98806,2.57911e+09
cu2410,21:08:18.0,77230,6689,77220,9,77240,12,98806,2.57911e+09
cu2410,21:08:18.500,77230,6689,77220,11,77240,8,98806,2.57911e+09
cu2410,21:08:19.0,77230,6689,77230,9,77240,8,98806,2.57911e+09
cu2410,21:08:19.500,77230,6689,77230,9,77240,3,98806,2.57911e+09
cu2410,21:08:20.0,77240,6691,77230,14,77250,7,98804,2.57988e+09
cu2410,21:08:20.500,77240,6691,77230,15,77250,4,98804,2.57988e+09
cu2410,21:08:21.0,77240,6692,77240,2,77250,2,98804,2.58027e+09
cu2410,21:08:21.500,77240,6692,77240,1,77250,8,98804,2.58027e+09
cu2410,21:08:22.0,77230,6706,77220,14,77230,14,98796,2.58567e+09
cu2410,21:08:22.500,77230,6718,77220,13,77230,2,98791,2.59031e+09
cu2410,21:08:23.0,77240,6724,77240,6,77250,10,98787,2.59262e+09
cu2410,21:08:23.500,77230,6731,77230,3,77250,46,98781,2.59533e+09
cu2410,21:08:24.0,77230,6731,77230,7,77240,5,98781,2.59533e+09
cu2410,21:08:24.500,77230,6731,77230,7,77240,5,98781,2.59533e+09
cu2410,21:08:25.0,77240,6735,77230,3,77240,1,98778,2.59687e+09
cu2410,21:08:25.500,77240,6735,77230,6,77240,1,98778,2.59687e+09
cu2410,21:08:26.0,77230,6736,77230,5,77240,4,98777,2.59726e+09
cu2410,21:08:26.500,77230,6736,77230,1,77240,13,98777,2.59726e+09
cu2410,21:08:27.0,77240,6738,77230,1,77240,13,98778,2.59803e+09
cu2410,21:08:27.500,77240,6739,77230,4,77240,10,98777,2.59842e+09
cu2410,21:08:28.0,77230,6741,77230,2,77240,10,98775,2.59919e+09
cu2410,21:08:28.500,77240,6742,77220,12,77240,11,98774,2.59958e+09
cu2410,21:08:29.0,77240,6742,77220,16,77240,11,98774,2.59958e+09
cu2410,21:08:29.500,77240,6742,77220,17,77240,12,98774,2.59958e+09
cu2410,21:08:30.500,77230,6745,77220,17,77230,6,98771,2.60073e+09
cu2410,21:08:31.0,77230,6751,77230,1,77240,12,98765,2.60305e+09
cu2410,21:08:31.500,77230,6751,77230,10,77240,17,98765,2.60305e+09
cu2410,21:08:32.0,77230,6752,77230,8,77240,18,98764,2.60344e+09
cu2410,21:08:32.500,77230,6752,77230,6,77240,18,98764,2.60344e+09
cu2410,21:08:33.0,77230,6758,77220,12,77240,55,98764,2.60575e+09
cu2410,21:08:33.500,77230,6760,77230,1,77240,18,98762,2.60653e+09
cu2410,21:08:34.0,77230,6760,77230,4,77240,22,98762,2.60653e+09
cu2410,21:08:34.500,77230,6762,77220,9,77240,18,98763,2.6073e+09
cu2410,21:08:35.0,77230,6762,77230,1,77240,18,98763,2.6073e+09
cu2410,21:08:35.500,77230,6762,77220,11,77230,1,98763,2.6073e+09
cu2410,21:08:36.0,77240,6781,77240,2,77250,19,98749,2.61464e+09
cu2410,21:08:36.500,77240,6785,77220,7,77240,10,98745,2.61618e+09
cu2410,21:08:37.0,77240,6787,77230,2,77240,5,98743,2.61695e+09
cu2410,21:08:37.500,77240,6787,77230,14,77240,4,98743,2.61695e+09
cu2410,21:08:38.0,77240,6789,77230,16,77250,13,98741,2.61773e+09
cu2410,21:08:38.500,77230,6790,77240,2,77250,3,98740,2.61811e+09
cu2410,21:08:39.0,77230,6790,77240,2,77250,5,98740,2.61811e+09
cu2410,21:08:39.500,77250,6791,77240,3,77250,4,98740,2.6185e+09
cu2410,21:08:40.0,77240,6794,77230,14,77250,4,98742,2.61966e+09
cu2410,21:08:40.500,77240,6794,77230,14,77250,9,98742,2.61966e+09
cu2410,21:08:41.0,77250,6797,77230,14,77250,11,98743,2.62082e+09
cu2410,21:08:41.500,77250,6797,77240,3,77250,10,98743,2.62082e+09
cu2410,21:08:42.0,77250,6797,77240,2,77250,10,98743,2.62082e+09
cu2410,21:08:42.500,77250,6797,77240,1,77250,6,98743,2.62082e+09
cu2410,21:08:43.0,77250,6797,77240,1,77250,9,98743,2.62082e+09
cu2410,21:08:43.500,77240,6798,77230,13,77250,4,98743,2.6212e+09
cu2410,21:08:44.0,77240,6798,77230,11,77250,6,98743,2.6212e+09
cu2410,21:08:44.500,77240,6798,77230,8,77240,3,98743,2.6212e+09
cu2410,21:08:45.0,77240,6801,77240,2,77250,18,98740,2.62236e+09
cu2410,21:08:45.500,77240,6803,77230,4,77250,18,98738,2.62313e+09
cu2410,21:08:46.0,77230,6805,77230,8,77240,3,98738,2.62391e+09
cu2410,21:08:46.500,77240,6807,77230,6,77240,1,98736,2.62468e+09
cu2410,21:08:47.0,77240,6807,77230,9,77250,18,98736,2.62468e+09
cu2410,21:08:47.500,77240,6807,77240,1,77250,18,98736,2.62468e+09
cu2410,21:08:48.0,77240,6808,77230,9,77250,19,98736,2.62506e+09
cu2410,21:08:48.500,77250,6810,77230,12,77250,18,98734,2.62584e+09
cu2410,21:08:49.0,77250,6810,77240,2,77250,16,98734,2.62584e+09
cu2410,21:08:49.500,77240,6811,77240,1,77250,11,98733,2.62622e+09
cu2410,21:08:50.0,77240,6811,77240,2,77250,6,98733,2.62622e+09
cu2410,21:08:51.500,77240,6811,77240,1,77250,6,98733,2.62622e+09
cu2410,21:08:52.0,77240,6811,77230,13,77250,6,98733,2.62622e+09
cu2410,21:08:52.500,77240,6811,77240,1,77250,6,98733,2.62622e+09
cu2410,21:08:54.500,77250,6812,77240,1,77250,5,98732,2.62661e+09
cu2410,21:08:55.0,77250,6812,77240,2,77250,5,98732,2.62661e+09
cu2410,21:08:57.500,77250,6812,77240,2,77250,6,98732,2.62661e+09
cu2410,21:08:58.0,77240,6813,77230,11,77250,5,98731,2.627e+09
cu2410,21:08:58.500,77240,6813,77230,13,77250,5,98731,2.627e+09
cu2410,21:08:59.0,77240,6813,77240,1,77250,5,98731,2.627e+09
cu2410,21:08:59.500,77240,6813,77240,1,77250,6,98731,2.627e+09
cu2410,21:09:00.0,77240,6814,77230,9,77240,1,98730,2.62738e+09
cu2410,21:09:00.500,77240,6819,77230,1,77240,6,98730,2.62931e+09
cu2410,21:09:01.0,77240,6820,77220,12,77240,16,98730,2.6297e+09
cu2410,21:09:01.500,77220,6821,77220,10,77240,16,98729,2.63008e+09
cu2410,21:09:02.0,77220,6822,77220,16,77240,17,98728,2.63047e+09
cu2410,21:09:02.500,77220,6822,77220,16,77240,17,98728,2.63047e+09
cu2410,21:09:03.0,77220,6822,77220,17,77240,12,98728,2.63047e+09
cu2410,21:09:03.500,77220,6822,77230,1,77240,11,98728,2.63047e+09
cu2410,21:09:04.0,77220,6822,77220,17,77240,13,98728,2.63047e+09
cu2410,21:09:04.500,77220,6822,77220,17,77240,14,98728,2.63047e+09
cu2410,21:09:05.0,77220,6822,77230,1,77240,15,98728,2.63047e+09
cu2410,21:09:05.500,77220,6823,77220,12,77240,50,98727,2.63086e+09
cu2410,21:09:06.0,77230,6824,77230,2,77240,13,98726,2.63124e+09
cu2410,21:09:06.500,77230,6825,77230,13,77240,8,98726,2.63163e+09
cu2410,21:09:07.0,77230,6825,77230,11,77240,8,98726,2.63163e+09
cu2410,21:09:07.500,77230,6825,77230,4,77240,9,98726,2.63163e+09
cu2410,21:09:08.0,77230,6825,77220,17,77240,10,98726,2.63163e+09
cu2410,21:09:08.500,77230,6826,77220,17,77230,4,98726,2.63202e+09
cu2410,21:09:09.0,77230,6830,77220,15,77230,3,98726,2.63356e+09
cu2410,21:09:10.0,77230,6834,77220,14,77240,11,98728,2.6351e+09
cu2410,21:09:10.500,77230,6834,77230,10,77240,8,98728,2.6351e+09
cu2410,21:09:11.0,77240,6837,77230,2,77240,5,98726,2.63626e+09
cu2410,21:09:11.500,77240,6838,77220,9,77240,7,98726,2.63665e+09
cu2410,21:09:12.0,77230,6845,77220,15,77230,3,98721,2.63935e+09
cu2410,21:09:12.500,77230,6849,77230,1,77240,6,98720,2.6409e+09
cu2410,21:09:13.0,77230,6849,77220,15,77240,7,98720,2.6409e+09
cu2410,21:09:13.500,77230,6849,77220,15,77240,7,98720,2.6409e+09
cu2410,21:09:14.0,77230,6849,77220,14,77240,11,98720,2.6409e+09
cu2410,21:09:14.500,77230,6849,77220,8,77240,56,98720,2.6409e+09
cu2410,21:09:15.0,77230,6850,77220,4,77230,2,98719,2.64128e+09
cu2410,21:09:15.500,77230,6851,77220,4,77230,6,98718,2.64167e+09
cu2410,21:09:16.0,77230,6852,77220,4,77230,5,98718,2.64206e+09
cu2410,21:09:16.500,77230,6852,77220,10,77230,2,98718,2.64206e+09
cu2410,21:09:17.0,77230,6854,77220,17,77240,15,98718,2.64283e+09
cu2410,21:09:17.500,77230,6854,77230,1,77240,11,98718,2.64283e+09
cu2410,21:09:18.0,77220,6855,77220,15,77240,11,98718,2.64321e+09
cu2410,21:09:19.0,77230,6856,77220,9,77230,4,98717,2.6436e+09
cu2410,21:09:19.500,77230,6856,77220,4,77230,9,98717,2.6436e+09
cu2410,21:09:20.0,77220,6858,77220,3,77230,9,98716,2.64437e+09
cu2410,21:09:20.500,77220,6860,77220,1,77230,11,98715,2.64514e+09
cu2410,21:09:21.0,77220,6861,77210,8,77230,11,98715,2.64553e+09
cu2410,21:09:21.500,77220,6861,77210,11,77230,11,98715,2.64553e+09
cu2410,21:09:22.0,77220,6861,77210,14,77220,1,98715,2.64553e+09
cu2410,21:09:22.500,77220,6864,77220,11,77230,10,98714,2.64669e+09
cu2410,21:09:23.0,77220,6864,77220,6,77230,3,98714,2.64669e+09
cu2410,21:09:23.500,77220,6866,77220,7,77230,3,98716,2.64746e+09
cu2410,21:09:24.0,77220,6866,77220,6,77230,3,98716,2.64746e+09
cu2410,21:09:24.500,77220,6867,77220,5,77230,2,98716,2.64785e+09
cu2410,21:09:25.0,77220,6867,77220,6,77230,2,98716,2.64785e+09
cu2410,21:09:25.500,77220,6867,77220,7,77230,2,98716,2.64785e+09
cu2410,21:09:26.0,77220,6867,77220,7,77230,3,98716,2.64785e+09
cu2410,21:09:26.500,77220,6868,77220,6,77230,3,98715,2.64823e+09
cu2410,21:09:27.0,77220,6868,77220,6,77230,3,98715,2.64823e+09
cu2410,21:09:27.500,77220,6868,77220,5,77230,3,98715,2.64823e+09
cu2410,21:09:28.0,77220,6868,77220,3,77230,3,98715,2.64823e+09
cu2410,21:09:28.500,77220,6868,77220,2,77230,3,98715,2.64823e+09
cu2410,21:09:29.0,77220,6868,77220,5,77230,3,98715,2.64823e+09
cu2410,21:09:29.500,77220,6868,77210,16,77230,6,98715,2.64823e+09
cu2410,21:09:30.0,77230,6872,77210,16,77230,2,98711,2.64978e+09
cu2410,21:09:30.500,77230,6872,77210,16,77220,1,98711,2.64978e+09
cu2410,21:09:31.0,77220,6873,77210,17,77230,2,98710,2.65016e+09
cu2410,21:09:31.500,77220,6873,77220,18,77240,10,98710,2.65016e+09
cu2410,21:09:32.0,77220,6873,77220,18,77240,9,98710,2.65016e+09
cu2410,21:09:32.500,77220,6873,77220,22,77240,9,98710,2.65016e+09
cu2410,21:09:33.0,77220,6873,77220,23,77240,9,98710,2.65016e+09
cu2410,21:09:33.500,77220,6874,77220,18,77240,15,98709,2.65055e+09
cu2410,21:09:34.0,77220,6874,77220,16,77230,1,98709,2.65055e+09
cu2410,21:09:34.500,77240,6894,77230,4,77240,6,98713,2.65827e+09
cu2410,21:09:35.0,77240,6894,77230,5,77240,31,98713,2.65827e+09
cu2410,21:09:35.500,77230,6896,77230,3,77250,21,98712,2.65905e+09
cu2410,21:09:36.0,77230,6896,77230,9,77250,44,98712,2.65905e+09
cu2410,21:09:36.500,77230,6896,77230,9,77240,3,98712,2.65905e+09
cu2410,21:09:37.0,77240,6898,77230,7,77240,1,98710,2.65982e+09
cu2410,21:09:37.500,77240,6898,77230,7,77250,17,98710,2.65982e+09
cu2410,21:09:38.0,77240,6898,77230,6,77240,1,98710,2.65982e+09
cu2410,21:09:38.500,77240,6898,77230,6,77240,1,98710,2.65982e+09
cu2410,21:09:39.500,77230,6900,77230,5,77250,20,98708,2.66059e+09
cu2410,21:09:40.0,77230,6900,77230,5,77250,18,98708,2.66059e+09
cu2410,21:09:40.500,77230,6900,77230,8,77250,18,98708,2.66059e+09
cu2410,21:09:41.0,77230,6900,77230,8,77240,6,98708,2.66059e+09
cu2410,21:09:41.500,77230,6900,77230,7,77240,5,98708,2.66059e+09
cu2410,21:09:42.0,77230,6900,77220,14,77240,5,98708,2.66059e+09
cu2410,21:09:42.500,77230,6900,77220,13,77240,39,98708,2.66059e+09
cu2410,21:09:43.0,77230,6901,77220,20,77240,8,98708,2.66098e+09
cu2410,21:09:43.500,77230,6901,77220,20,77240,44,98708,2.66098e+09
cu2410,21:09:44.0,77230,6901,77220,16,77240,40,98708,2.66098e+09
cu2410,21:09:44.500,77220,6902,77220,16,77230,1,98708,2.66136e+09
cu2410,21:09:45.0,77220,6902,77220,14,77230,1,98708,2.66136e+09
cu2410,21:09:45.500,77220,6902,77220,14,77240,15,98708,2.66136e+09
cu2410,21:09:46.0,77220,6903,77220,13,77240,45,98708,2.66175e+09
cu2410,21:09:46.500,77220,6903,77220,13,77230,2,98708,2.66175e+09
cu2410,21:09:47.0,77220,6903,77220,13,77230,2,98708,2.66175e+09
cu2410,21:09:48.0,77220,6904,77220,12,77240,21,98708,2.66214e+09
cu2410,21:09:48.500,77220,6904,77230,20,77240,46,98708,2.66214e+09
cu2410,21:09:49.0,77230,6909,77230,15,77240,46,98711,2.66407e+09
cu2410,21:09:49.500,77240,6913,77230,13,77240,44,98709,2.66561e+09
cu2410,21:09:50.0,77240,6913,77230,13,77240,44,98709,2.66561e+09
cu2410,21:09:51.0,77240,6913,77230,13,77240,45,98709,2.66561e+09
cu2410,21:09:52.500,77240,6913,77230,13,77240,45,98709,2.66561e+09
cu2410,21:09:53.500,77240,6913,77230,13,77240,14,98709,2.66561e+09
cu2410,21:09:54.0,77240,6913,77230,13,77240,14,98709,2.66561e+09
cu2410,21:09:54.500,77230,6914,77230,12,77240,14,98709,2.666e+09
cu2410,21:09:55.0,77230,6914,77230,12,77240,14,98709,2.666e+09
cu2410,21:09:55.500,77230,6924,77230,3,77240,15,98719,2.66986e+09
cu2410,21:09:56.0,77230,6927,77220,17,77230,3,98718,2.67102e+09
cu2410,21:09:56.500,77230,6927,77220,17,77230,6,98718,2.67102e+09
cu2410,21:09:57.0,77230,6927,77220,20,77230,8,98718,2.67102e+09
cu2410,21:09:57.500,77230,6927,77220,20,77230,8,98718,2.67102e+09
cu2410,21:09:58.0,77230,6927,77220,16,77230,8,98718,2.67102e+09
cu2410,21:09:58.500,77230,6927,77220,16,77230,8,98718,2.67102e+09
cu2410,21:09:59.0,77230,6936,77230,8,77240,13,98714,2.67449e+09
cu2410,21:09:59.500,77230,6937,77230,7,77240,44,98713,2.67488e+09
cu2410,21:10:00.0,77230,6943,77230,2,77240,13,98708,2.6772e+09
cu2410,21:10:00.500,77230,6944,77230,2,77240,14,98707,2.67758e+09
cu2410,21:10:01.0,77230,6944,77230,2,77240,17,98707,2.67758e+09
cu2410,21:10:01.500,77230,6944,77230,3,77240,17,98707,2.67758e+09
cu2410,21:10:02.0,77230,6944,77230,4,77240,21,98707,2.67758e+09
cu2410,21:10:02.500,77230,6945,77230,3,77240,22,98706,2.67797e+09
cu2410,21:10:03.0,77230,6945,77230,3,77240,23,98706,2.67797e+09
cu2410,21:10:04.0,77230,6946,77230,9,77240,22,98705,2.67835e+09
cu2410,21:10:04.500,77230,6946,77230,10,77240,22,98705,2.67835e+09
cu2410,21:10:05.0,77230,6946,77230,10,77240,22,98705,2.67835e+09
cu2410,21:10:05.500,77240,6951,77230,13,77240,17,98700,2.68029e+09
cu2410,21:10:06.0,77230,6975,77230,8,77240,21,98688,2.68955e+09
cu2410,21:10:06.500,77240,6998,77230,14,77240,9,98680,2.69844e+09
cu2410,21:10:07.0,77240,7011,77240,26,77250,12,98672,2.70346e+09
cu2410,21:10:07.500,77250,7024,77250,7,77260,8,98667,2.70848e+09
cu2410,21:10:08.0,77260,7033,77250,1,77260,1,98662,2.71196e+09
cu2410,21:10:08.500,77260,7033,77250,5,77260,1,98662,2.71196e+09
cu2410,21:10:09.0,77260,7035,77260,4,77270,16,98660,2.71273e+09
cu2410,21:10:09.500,77260,7037,77260,2,77270,17,98658,2.7135e+09
cu2410,21:10:10.0,77260,7038,77260,1,77270,17,98657,2.71389e+09
cu2410,21:10:10.500,77260,7039,77260,1,77270,17,98656,2.71427e+09
cu2410,21:10:11.0,77260,7040,77250,5,77270,17,98655,2.71466e+09
cu2410,21:10:11.500,77260,7040,77250,9,77270,17,98655,2.71466e+09
cu2410,21:10:12.0,77270,7041,77250,5,77270,15,98654,2.71505e+09
cu2410,21:10:12.500,77270,7056,77270,5,77280,27,98662,2.72084e+09
cu2410,21:10:13.0,77270,7062,77260,4,77280,54,98662,2.72316e+09
cu2410,21:10:13.500,77270,7062,77260,3,77270,2,98662,2.72316e+09
cu2410,21:10:14.0,77270,7064,77250,21,77280,33,98662,2.72393e+09
cu2410,21:10:14.500,77270,7064,77260,5,77280,59,98662,2.72393e+09
cu2410,21:10:15.0,77270,7064,77260,6,77270,2,98662,2.72393e+09
cu2410,21:10:15.500,77270,7065,77260,2,77270,2,98661,2.72432e+09
cu2410,21:10:16.0,77280,7085,77260,5,77280,15,98663,2.73205e+09
cu2410,21:10:16.500,77280,7086,77260,9,77280,8,98662,2.73243e+09
cu2410,21:10:17.0,77280,7086,77270,1,77280,8,98662,2.73243e+09
cu2410,21:10:17.500,77280,7089,77270,1,77280,5,98661,2.73359e+09
cu2410,21:10:18.0,77280,7089,77270,1,77280,12,98661,2.73359e+09
cu2410,21:10:18.500,77280,7089,77270,1,77280,15,98661,2.73359e+09
cu2410,21:10:19.0,77280,7089,77270,6,77280,48,98661,2.73359e+09
cu2410,21:10:19.500,77280,7089,77270,6,77280,16,98661,2.73359e+09
cu2410,21:10:20.0,77280,7089,77270,6,77280,14,98661,2.73359e+09
cu2410,21:10:20.500,77280,7089,77270,9,77280,14,98661,2.73359e+09
cu2410,21:10:21.0,77280,7101,77270,9,77280,1,98649,2.73823e+09
cu2410,21:10:21.500,77280,7101,77270,10,77280,1,98649,2.73823e+09
cu2410,21:10:22.0,77280,7104,77270,11,77290,5,98648,2.73939e+09
cu2410,21:10:22.500,77280,7104,77280,2,77290,39,98648,2.73939e+09
cu2410,21:10:23.0,77280,7106,77270,12,77290,7,98648,2.74016e+09
cu2410,21:10:23.500,77290,7107,77280,2,77290,2,98648,2.74055e+09
cu2410,21:10:24.0,77290,7108,77280,3,77290,1,98648,2.74093e+09
cu2410,21:10:24.500,77290,7110,77290,1,77300,54,98648,2.74171e+09
cu2410,21:10:25.0,77290,7111,77280,6,77300,86,98647,2.74209e+09
cu2410,21:10:25.500,77290,7113,77280,5,77290,1,98645,2.74287e+09
cu2410,21:10:26.0,77290,7113,77280,1,77290,3,98645,2.74287e+09
cu2410,21:10:26.500,77280,7114,77270,16,77290,1,98644,2.74325e+09
cu2410,21:10:27.0,77280,7117,77270,11,77280,23,98641,2.74441e+09
cu2410,21:10:27.500,77280,7118,77270,10,77280,23,98641,2.7448e+09
cu2410,21:10:28.0,77280,7120,77270,10,77280,21,98641,2.74557e+09
cu2410,21:10:28.500,77280,7124,77270,8,77280,19,98639,2.74712e+09
cu2410,21:10:29.0,77280,7125,77270,8,77280,18,98639,2.7475e+09
cu2410,21:10:30.500,77280,7126,77270,8,77280,17,98638,2.74789e+09
cu2410,21:10:31.0,77280,7128,77270,7,77280,19,98637,2.74866e+09
cu2410,21:10:31.500,77280,7128,77270,7,77280,19,98637,2.74866e+09
cu2410,21:10:32.0,77270,7129,77270,6,77280,20,98637,2.74905e+09
cu2410,21:10:32.500,77280,7133,77270,6,77280,16,98633,2.75059e+09
cu2410,21:10:33.0,77280,7133,77270,6,77280,16,98633,2.75059e+09
cu2410,21:10:33.500,77270,7135,77270,5,77280,15,98633,2.75137e+09
cu2410,21:10:34.0,77270,7135,77270,5,77280,15,98633,2.75137e+09
cu2410,21:10:34.500,77270,7135,77270,7,77280,15,98633,2.75137e+09
cu2410,21:10:35.500,77270,7135,77270,6,77280,40,98633,2.75137e+09
cu2410,21:10:36.0,77280,7138,77270,2,77280,39,98630,2.75252e+09
cu2410,21:10:36.500,77280,7140,77270,1,77280,37,98629,2.7533e+09
cu2410,21:10:37.0,77280,7142,77270,4,77280,35,98628,2.75407e+09
cu2410,21:10:37.500,77270,7148,77260,12,77270,4,98629,2.75639e+09
cu2410,21:10:38.0,77270,7155,77270,2,77280,32,98628,2.75909e+09
cu2410,21:10:38.500,77270,7155,77270,10,77280,32,98628,2.75909e+09
cu2410,21:10:39.0,77280,7175,77270,30,77280,12,98628,2.76682e+09
cu2410,21:10:39.500,77280,7187,77280,7,77290,8,98626,2.77146e+09
cu2410,21:10:40.0,77280,7187,77280,3,77290,1,98626,2.77146e+09
cu2410,21:10:40.500,77280,7187,77280,6,77290,1,98626,2.77146e+09
cu2410,21:10:41.0,77280,7187,77280,11,77300,53,98626,2.77146e+09
cu2410,21:10:41.500,77300,7189,77290,1,77300,84,98625,2.77223e+09
cu2410,21:10:42.0,77280,7193,77280,4,77300,83,98622,2.77378e+09
cu2410,21:10:42.500,77280,7193,77280,8,77300,83,98622,2.77378e+09
cu2410,21:10:43.0,77280,7196,77280,6,77300,52,98619,2.77494e+09
cu2410,21:10:43.500,77280,7196,77280,10,77290,8,98619,2.77494e+09
cu2410,21:10:44.0,77300,7198,77280,9,77300,42,98619,2.77571e+09
cu2410,21:10:44.500,77300,7198,77280,11,77300,51,98619,2.77571e+09
cu2410,21:10:45.0,77300,7198,77280,37,77300,51,98619,2.77571e+09
cu2410,21:10:46.0,77300,7199,77280,37,77300,50,98619,2.7761e+09
cu2410,21:10:46.500,77300,7199,77290,22,77300,41,98619,2.7761e+09
cu2410,21:10:47.0,77290,7202,77290,13,77300,39,98617,2.77725e+09
cu2410,21:10:47.500,77290,7202,77290,6,77300,48,98617,2.77725e+09
cu2410,21:10:48.0,77290,7202,77290,4,77300,39,98617,2.77725e+09
cu2410,21:10:48.500,77290,7209,77280,38,77290,18,98611,2.77996e+09
cu2410,21:10:49.0,77290,7225,77280,41,77290,2,98596,2.78614e+09
cu2410,21:10:49.500,77290,7227,77290,4,77300,47,98594,2.78692e+09
cu2410,21:10:50.0,77300,7231,77280,33,77300,47,98592,2.78846e+09
cu2410,21:10:50.500,77300,7231,77280,33,77290,10,98592,2.78846e+09
cu2410,21:10:51.0,77300,7231,77280,33,77290,9,98592,2.78846e+09
cu2410,21:10:52.0,77290,7237,77280,34,77300,38,98592,2.79078e+09
cu2410,21:10:52.500,77280,7239,77280,31,77300,47,98592,2.79155e+09
cu2410,21:10:53.0,77280,7244,77280,25,77290,7,98587,2.79349e+09
cu2410,21:10:53.500,77280,7245,77280,24,77290,6,98586,2.79387e+09
cu2410,21:10:54.0,77290,7246,77280,28,77290,2,98586,2.79426e+09
cu2410,21:10:54.500,77280,7250,77280,23,77290,5,98583,2.7958e+09
cu2410,21:10:55.0,77300,7251,77290,3,77300,37,98583,2.79619e+09
cu2410,21:10:55.500,77300,7251,77290,29,77300,38,98583,2.79619e+09
cu2410,21:10:56.0,77290,7278,77290,2,77300,36,98576,2.80662e+09
cu2410,21:10:56.500,77290,7280,77280,23,77290,3,98575,2.8074e+09
cu2410,21:10:57.0,77290,7281,77290,3,77300,35,98575,2.80778e+09
cu2410,21:10:57.500,77300,7285,77280,23,77300,33,98572,2.80933e+09
cu2410,21:10:58.0,77300,7287,77280,23,77300,31,98570,2.8101e+09
cu2410,21:10:59.0,77300,7287,77280,23,77300,32,98570,2.8101e+09
cu2410,21:10:59.500,77300,7287,77280,23,77300,32,98570,2.8101e+09
cu2410,21:11:00.0,77300,7291,77280,23,77300,45,98570,2.81165e+09
cu2410,21:11:00.500,77300,7291,77290,3,77300,33,98570,2.81165e+09
cu2410,21:11:01.0,77300,7291,77290,3,77300,34,98570,2.81165e+09
cu2410,21:11:01.500,77290,7292,77290,7,77300,35,98570,2.81204e+09
cu2410,21:11:02.0,77290,7292,77290,7,77300,40,98570,2.81204e+09
cu2410,21:11:02.500,77290,7292,77290,7,77300,39,98570,2.81204e+09
cu2410,21:11:03.0,77290,7293,77290,6,77300,41,98570,2.81242e+09
cu2410,21:11:03.500,77290,7293,77290,6,77300,41,98570,2.81242e+09
cu2410,21:11:04.0,77290,7293,77290,6,77300,42,98570,2.81242e+09
cu2410,21:11:04.500,77290,7311,77290,13,77300,25,98559,2.81938e+09
cu2410,21:11:05.0,77300,7336,77300,14,77310,1,98542,2.82904e+09
cu2410,21:11:05.500,77300,7338,77310,10,77320,14,98542,2.82981e+09
cu2410,21:11:06.0,77310,7346,77310,1,77320,15,98534,2.83291e+09
cu2410,21:11:06.500,77310,7348,77300,5,77310,18,98532,2.83368e+09
cu2410,21:11:07.0,77310,7349,77300,2,77310,8,98533,2.83407e+09
cu2410,21:11:07.500,77300,7351,77290,9,77310,27,98532,2.83484e+09
cu2410,21:11:08.0,77300,7351,77290,6,77300,3,98532,2.83484e+09
cu2410,21:11:08.500,77300,7351,77290,5,77300,11,98532,2.83484e+09
cu2410,21:11:09.0,77300,7351,77290,7,77300,12,98532,2.83484e+09
cu2410,21:11:09.500,77300,7351,77290,7,77300,9,98532,2.83484e+09
cu2410,21:11:10.0,77300,7361,77290,6,77300,3,98522,2.8387e+09
cu2410,21:11:10.500,77300,7365,77300,4,77310,10,98522,2.84025e+09
cu2410,21:11:11.0,77310,7368,77300,2,77310,3,98519,2.84141e+09
cu2410,21:11:11.500,77310,7372,77300,2,77310,13,98515,2.84296e+09
cu2410,21:11:12.0,77300,7374,77290,3,77300,2,98515,2.84373e+09
cu2410,21:11:12.500,77300,7379,77290,6,77300,2,98513,2.84566e+09
cu2410,21:11:13.0,77300,7380,77290,6,77300,12,98513,2.84605e+09
cu2410,21:11:13.500,77300,7383,77290,1,77300,10,98512,2.84721e+09
cu2410,21:11:14.0,77300,7385,77290,1,77300,3,98513,2.84798e+09
cu2410,21:11:14.500,77300,7385,77290,1,77300,9,98513,2.84798e+09
cu2410,21:11:15.0,77290,7386,77280,23,77300,16,98512,2.84837e+09
cu2410,21:11:15.500,77290,7388,77280,23,77290,3,98510,2.84914e+09
cu2410,21:11:16.0,77290,7390,77280,23,77300,16,98508,2.84991e+09
cu2410,21:11:16.500,77300,7396,77280,23,77300,11,98508,2.85223e+09
cu2410,21:11:17.0,77300,7396,77280,23,77300,23,98508,2.85223e+09
cu2410,21:11:18.0,77300,7396,77280,24,77300,25,98508,2.85223e+09
cu2410,21:11:18.500,77280,7419,77270,10,77280,27,98485,2.86112e+09
cu2410,21:11:19.0,77280,7423,77270,6,77280,26,98482,2.86266e+09
cu2410,21:11:19.500,77270,7425,77260,4,77280,25,98481,2.86344e+09
cu2410,21:11:20.0,77270,7425,77260,8,77280,25,98481,2.86344e+09
cu2410,21:11:20.500,77270,7425,77260,3,77280,26,98481,2.86344e+09
cu2410,21:11:21.0,77270,7425,77260,3,77280,26,98481,2.86344e+09
cu2410,21:11:21.500,77260,7426,77260,5,77280,27,98480,2.86382e+09
cu2410,21:11:22.0,77260,7426,77260,5,77270,3,98480,2.86382e+09
cu2410,21:11:22.500,77270,7427,77260,5,77270,4,98480,2.86421e+09
cu2410,21:11:23.0,77270,7427,77260,3,77270,6,98480,2.86421e+09
cu2410,21:11:23.500,77260,7430,77250,19,77270,4,98478,2.86537e+09
cu2410,21:11:24.0,77270,7431,77260,7,77270,5,98478,2.86576e+09
cu2410,21:11:24.500,77270,7433,77260,9,77270,1,98477,2.86653e+09
cu2410,21:11:25.0,77270,7435,77260,1,77270,2,98476,2.8673e+09
cu2410,21:11:25.500,77270,7435,77260,5,77270,3,98476,2.8673e+09
cu2410,21:11:26.0,77270,7437,77260,12,77270,3,98475,2.86807e+09
cu2410,21:11:26.500,77270,7439,77260,3,77270,6,98474,2.86885e+09
cu2410,21:11:27.0,77270,7442,77270,1,77280,27,98472,2.87e+09
cu2410,21:11:27.500,77270,7443,77260,1,77280,28,98471,2.87039e+09
cu2410,21:11:28.0,77270,7443,77260,5,77270,4,98471,2.87039e+09
cu2410,21:11:28.500,77270,7443,77250,24,77270,4,98471,2.87039e+09
cu2410,21:11:29.0,77270,7447,77250,26,77260,21,98467,2.87194e+09
cu2410,21:11:29.500,77280,7473,77270,2,77280,9,98461,2.88198e+09
cu2410,21:11:30.0,77280,7474,77280,6,77290,8,98462,2.88237e+09
cu2410,21:11:30.500,77270,7481,77260,3,77280,6,98460,2.88507e+09
cu2410,21:11:31.0,77270,7481,77260,10,77270,3,98460,2.88507e+09
cu2410,21:11:31.500,77280,7486,77260,10,77280,1,98455,2.887e+09
cu2410,21:11:32.0,77280,7486,77260,11,77280,1,98455,2.887e+09
cu2410,21:11:32.500,77280,7487,77270,8,77290,8,98455,2.88739e+09
cu2410,21:11:33.0,77280,7487,77280,2,77290,1,98455,2.88739e+09
cu2410,21:11:33.500,77280,7487,77280,2,77290,1,98455,2.88739e+09
cu2410,21:11:34.0,77300,7491,77270,8,77300,24,98453,2.88894e+09
cu2410,21:11:34.500,77300,7492,77280,10,77300,17,98453,2.88932e+09
cu2410,21:11:35.0,77300,7493,77280,10,77300,16,98452,2.88971e+09
cu2410,21:11:35.500,77300,7493,77280,10,77300,16,98452,2.88971e+09
cu2410,21:11:36.0,77300,7493,77280,10,77300,24,98452,2.88971e+09
cu2410,21:11:36.500,77300,7493,77280,10,77300,16,98452,2.88971e+09
cu2410,21:11:37.0,77300,7493,77280,15,77300,15,98452,2.88971e+09
cu2410,21:11:37.500,77300,7493,77280,15,77300,15,98452,2.88971e+09
cu2410,21:11:38.0,77300,7493,77280,15,77300,15,98452,2.88971e+09
cu2410,21:11:38.500,77300,7493,77280,15,77300,15,98452,2.88971e+09
cu2410,21:11:39.0,77300,7493,77280,15,77290,1,98452,2.88971e+09
cu2410,21:11:39.500,77290,7494,77280,12,77300,15,98453,2.8901e+09
cu2410,21:11:40.0,77280,7495,77280,8,77300,20,98453,2.89048e+09
cu2410,21:11:40.500,77280,7496,77280,7,77300,29,98452,2.89087e+09
cu2410,21:11:41.0,77280,7496,77290,1,77300,29,98452,2.89087e+09
cu2410,21:11:41.500,77290,7497,77280,3,77300,31,98452,2.89125e+09
cu2410,21:11:42.0,77300,7498,77280,2,77300,41,98452,2.89164e+09
cu2410,21:11:42.500,77290,7500,77280,6,77300,42,98453,2.89241e+09
cu2410,21:11:43.0,77290,7500,77280,6,77290,23,98453,2.89241e+09
cu2410,21:11:43.500,77290,7500,77280,6,77290,23,98453,2.89241e+09
cu2410,21:11:44.0,77280,7502,77280,4,77290,35,98452,2.89319e+09
cu2410,21:11:44.500,77280,7507,77270,8,77280,2,98447,2.89512e+09
cu2410,21:11:45.0,77280,7508,77270,7,77280,11,98448,2.89551e+09
cu2410,21:11:45.500,77280,7509,77260,10,77280,10,98448,2.89589e+09
cu2410,21:11:46.0,77280,7509,77260,9,77280,10,98448,2.89589e+09
cu2410,21:11:46.500,77280,7510,77260,9,77280,12,98447,2.89628e+09
cu2410,21:11:47.0,77270,7533,77270,14,77290,20,98435,2.90516e+09
cu2410,21:11:47.500,77290,7535,77270,5,77290,11,98436,2.90594e+09
cu2410,21:11:48.0,77290,7535,77270,5,77290,15,98436,2.90594e+09
cu2410,21:11:48.500,77290,7535,77270,2,77280,4,98436,2.90594e+09
cu2410,21:11:49.0,77290,7535,77270,2,77280,8,98436,2.90594e+09
cu2410,21:11:49.500,77270,7538,77260,3,77280,8,98433,2.9071e+09
cu2410,21:11:50.0,77270,7538,77260,1,77270,3,98433,2.9071e+09
cu2410,21:11:50.500,77270,7538,77250,24,77270,8,98433,2.9071e+09
cu2410,21:11:51.0,77270,7538,77250,27,77260,1,98433,2.9071e+09
cu2410,21:11:51.500,77260,7539,77260,2,77270,4,98432,2.90748e+09
cu2410,21:11:52.0,77260,7539,77260,2,77270,6,98432,2.90748e+09
cu2410,21:11:52.500,77260,7539,77250,26,77270,5,98432,2.90748e+09
cu2410,21:11:53.0,77270,7548,77250,25,77270,1,98428,2.91096e+09
cu2410,21:11:53.500,77270,7548,77270,13,77280,12,98428,2.91096e+09
cu2410,21:11:54.0,77270,7561,77260,4,77280,14,98426,2.91598e+09
cu2410,21:11:54.500,77270,7561,77260,4,77270,1,98426,2.91598e+09
cu2410,21:11:55.0,77270,7561,77260,4,77270,1,98426,2.91598e+09
cu2410,21:11:55.500,77270,7561,77250,24,77270,3,98426,2.91598e+09
cu2410,21:11:56.0,77270,7562,77270,105,77280,12,98426,2.91637e+09
cu2410,21:11:56.500,77270,7562,77270,105,77280,11,98426,2.91637e+09
cu2410,21:11:57.0,77270,7562,77270,105,77280,22,98426,2.91637e+09
cu2410,21:11:57.500,77280,7569,77270,99,77280,21,98427,2.91907e+09
cu2410,21:11:58.500,77270,7571,77270,97,77280,21,98427,2.91985e+09
cu2410,21:11:59.0,77270,7593,77270,75,77280,23,98449,2.92835e+09
cu2410,21:11:59.500,77270,7668,77260,5,77280,23,98511,2.95732e+09
cu2410,21:12:00.0,77260,7671,77250,22,77260,1,98508,2.95848e+09
cu2410,21:12:00.500,77260,7671,77250,22,77260,3,98508,2.95848e+09
cu2410,21:12:01.0,77260,7677,77250,21,77260,1,98502,2.9608e+09
cu2410,21:12:01.500,77270,7682,77260,1,77270,5,98500,2.96273e+09
cu2410,21:12:02.0,77270,7682,77260,4,77270,8,98500,2.96273e+09
cu2410,21:12:02.500,77260,7683,77260,3,77270,8,98500,2.96312e+09
cu2410,21:12:03.0,77260,7683,77260,3,77270,8,98500,2.96312e+09
cu2410,21:12:03.500,77260,7683,77260,3,77270,8,98500,2.96312e+09
cu2410,21:12:04.0,77270,7688,77260,13,77270,3,98497,2.96505e+09
cu2410,21:12:04.500,77260,7689,77260,12,77270,8,98496,2.96543e+09
cu2410,21:12:05.0,77260,7691,77260,10,77270,8,98496,2.96621e+09
cu2410,21:12:05.500,77260,7701,77250,19,77260,1,98488,2.97007e+09
cu2410,21:12:06.0,77260,7702,77250,23,77260,6,98488,2.97046e+09
cu2410,21:12:06.500,77260,7703,77250,23,77260,3,98488,2.97084e+09
cu2410,21:12:07.0,77250,7722,77240,12,77250,31,98472,2.97818e+09
cu2410,21:12:07.500,77250,7723,77240,14,77250,32,98472,2.97857e+09
cu2410,21:12:08.0,77250,7733,77240,17,77250,23,98468,2.98243e+09
cu2410,21:12:08.500,77240,7749,77240,14,77250,10,98455,2.98861e+09
cu2410,21:12:09.0,77280,7765,77250,6,77280,19,98452,2.99479e+09
cu2410,21:12:09.500,77260,7768,77260,3,77270,7,98450,2.99595e+09
cu2410,21:12:10.0,77270,7772,77260,13,77280,11,98448,2.99749e+09
cu2410,21:12:10.500,77270,7773,77260,6,77280,11,98447,2.99788e+09
cu2410,21:12:11.0,77270,7773,77260,9,77270,3,98447,2.99788e+09
cu2410,21:12:11.500,77270,7773,77260,3,77270,3,98447,2.99788e+09
cu2410,21:12:12.0,77260,7776,77250,10,77270,8,98445,2.99904e+09
cu2410,21:12:12.500,77260,7776,77250,11,77270,8,98445,2.99904e+09
cu2410,21:12:13.0,77270,7777,77260,1,77270,7,98445,2.99943e+09
cu2410,21:12:13.500,77270,7778,77260,4,77270,6,98446,2.99981e+09
cu2410,21:12:14.0,77270,7778,77260,2,77270,17,98446,2.99981e+09
cu2410,21:12:14.500,77270,7779,77260,6,77270,16,98447,3.0002e+09
cu2410,21:12:15.0,77270,7780,77260,9,77270,12,98447,3.00059e+09
cu2410,21:12:15.500,77270,7789,77260,9,77270,3,98448,3.00406e+09
cu2410,21:12:16.0,77280,7798,77270,6,77280,3,98448,3.00754e+09
cu2410,21:12:16.500,77280,7799,77270,17,77280,3,98449,3.00793e+09
cu2410,21:12:17.0,77280,7806,77270,7,77280,1,98445,3.01063e+09
cu2410,21:12:17.500,77260,7815,77260,9,77290,9,98441,3.01411e+09
cu2410,21:12:18.0,77260,7815,77270,9,77280,8,98441,3.01411e+09
cu2410,21:12:18.500,77270,7819,77260,6,77270,2,98441,3.01565e+09
cu2410,21:12:19.0,77270,7820,77260,12,77270,2,98442,3.01604e+09
cu2410,21:12:19.500,77270,7821,77260,8,77270,51,98443,3.01643e+09
cu2410,21:12:20.0,77270,7821,77260,4,77270,51,98443,3.01643e+09
cu2410,21:12:20.500,77270,7821,77260,7,77270,50,98443,3.01643e+09
cu2410,21:12:21.0,77270,7823,77260,11,77270,48,98442,3.0172e+09
cu2410,21:12:21.500,77270,7827,77260,10,77270,44,98440,3.01874e+09
cu2410,21:12:22.0,77270,7836,77260,13,77270,35,98432,3.02222e+09
cu2410,21:12:22.500,77270,7860,77260,14,77270,11,98411,3.03149e+09
cu2410,21:12:23.0,77270,7871,77270,2,77280,13,98404,3.03574e+09
cu2410,21:12:23.500,77270,7871,77270,3,77290,8,98404,3.03574e+09
cu2410,21:12:24.0,77270,7871,77270,3,77280,2,98404,3.03574e+09
cu2410,21:12:24.500,77270,7871,77270,3,77290,18,98404,3.03574e+09
cu2410,21:12:25.0,77270,7871,77270,3,77290,20,98404,3.03574e+09
cu2410,21:12:25.500,77270,7871,77270,3,77290,20,98404,3.03574e+09
cu2410,21:12:26.0,77270,7873,77270,1,77290,20,98403,3.03652e+09
cu2410,21:12:26.500,77270,7874,77260,12,77270,9,98402,3.0369e+09
cu2410,21:12:27.0,77270,7876,77260,6,77270,7,98402,3.03768e+09
cu2410,21:12:27.500,77270,7877,77260,6,77270,6,98402,3.03806e+09
cu2410,21:12:28.0,77270,7878,77260,6,77270,6,98402,3.03845e+09
cu2410,21:12:28.500,77270,7879,77260,6,77270,5,98402,3.03883e+09
cu2410,21:12:29.0,77270,7880,77260,6,77270,4,98402,3.03922e+09
cu2410,21:12:29.500,77270,7881,77260,6,77270,3,98402,3.03961e+09
cu2410,21:12:30.0,77260,7882,77260,5,77270,3,98402,3.03999e+09
cu2410,21:12:30.500,77270,7883,77260,8,77270,5,98401,3.04038e+09
cu2410,21:12:31.0,77280,7891,77270,2,77280,6,98398,3.04347e+09
cu2410,21:12:31.500,77280,7893,77270,2,77280,1,98398,3.04424e+09
cu2410,21:12:32.0,77280,7893,77270,9,77280,3,98398,3.04424e+09
cu2410,21:12:32.500,77280,7893,77270,9,77280,3,98398,3.04424e+09
cu2410,21:12:33.0,77280,7893,77270,9,77280,3,98398,3.04424e+09
cu2410,21:12:33.500,77280,7893,77270,9,77280,8,98398,3.04424e+09
cu2410,21:12:34.0,77280,7893,77270,9,77280,8,98398,3.04424e+09
cu2410,21:12:34.500,77280,7893,77270,3,77280,9,98398,3.04424e+09
cu2410,21:12:35.0,77280,7893,77270,3,77280,11,98398,3.04424e+09
cu2410,21:12:35.500,77270,7896,77250,3,77280,11,98398,3.0454e+09
cu2410,21:12:36.0,77270,7896,77270,51,77280,11,98398,3.0454e+09
cu2410,21:12:36.500,77270,7896,77270,51,77280,1,98398,3.0454e+09
cu2410,21:12:37.0,77270,7896,77270,51,77280,1,98398,3.0454e+09
cu2410,21:12:37.500,77280,7897,77270,52,77290,3,98397,3.04579e+09
cu2410,21:12:38.0,77270,7898,77270,50,77280,3,98396,3.04618e+09
cu2410,21:12:38.500,77270,7900,77270,48,77280,6,98394,3.04695e+09
cu2410,21:12:39.0,77270,7900,77270,48,77280,6,98394,3.04695e+09
cu2410,21:12:39.500,77270,7900,77270,48,77280,3,98394,3.04695e+09
cu2410,21:12:40.0,77270,7902,77270,47,77280,5,98393,3.04772e+09
cu2410,21:12:40.500,77280,7903,77270,47,77280,4,98393,3.04811e+09
cu2410,21:12:41.0,77280,7905,77270,47,77280,2,98392,3.04888e+09
cu2410,21:12:41.500,77280,7908,77270,47,77280,2,98389,3.05004e+09
cu2410,21:12:42.0,77280,7908,77270,47,77280,2,98389,3.05004e+09
cu2410,21:12:42.500,77280,7908,77270,47,77280,2,98389,3.05004e+09
cu2410,21:12:43.0,77280,7908,77280,5,77290,9,98389,3.05004e+09
cu2410,21:12:43.500,77280,7909,77280,4,77290,4,98389,3.05043e+09
cu2410,21:12:44.0,77280,7909,77280,4,77290,9,98389,3.05043e+09
cu2410,21:12:44.500,77280,7912,77280,1,77290,9,98390,3.05158e+09
cu2410,21:12:45.0,77290,7922,77280,1,77300,12,98383,3.05545e+09
cu2410,21:12:45.500,77290,7923,77280,4,77290,1,98383,3.05584e+09
cu2410,21:12:46.0,77280,7924,77280,7,77290,1,98384,3.05622e+09
cu2410,21:12:46.500,77280,7924,77280,7,77290,4,98384,3.05622e+09
cu2410,21:12:47.0,77280,7924,77280,8,77290,1,98384,3.05622e+09
cu2410,21:12:47.500,77280,7924,77280,3,77290,1,98384,3.05622e+09
cu2410,21:12:48.0,77280,7924,77280,3,77290,1,98384,3.05622e+09
cu2410,21:12:48.500,77280,7924,77280,3,77290,1,98384,3.05622e+09
cu2410,21:12:49.0,77280,7924,77280,7,77290,1,98384,3.05622e+09
cu2410,21:12:49.500,77280,7924,77280,7,77290,1,98384,3.05622e+09
cu2410,21:12:50.0,77280,7924,77280,3,77290,1,98384,3.05622e+09
cu2410,21:12:50.500,77280,7924,77280,4,77290,1,98384,3.05622e+09
cu2410,21:12:51.0,77280,7924,77280,4,77300,25,98384,3.05622e+09
cu2410,21:12:51.500,77280,7924,77280,9,77300,25,98384,3.05622e+09
cu2410,21:12:52.0,77280,7924,77280,9,77300,26,98384,3.05622e+09
cu2410,21:12:52.500,77280,7924,77280,9,77300,27,98384,3.05622e+09
cu2410,21:12:53.0,77280,7925,77290,3,77300,19,98384,3.05661e+09
cu2410,21:12:53.500,77280,7925,77290,3,77300,18,98384,3.05661e+09
cu2410,21:12:54.0,77300,7926,77290,3,77300,13,98383,3.057e+09
cu2410,21:12:54.500,77300,7936,77290,8,77300,5,98381,3.06086e+09
cu2410,21:12:55.0,77300,7936,77290,4,77300,5,98381,3.06086e+09
cu2410,21:12:55.500,77290,7937,77290,6,77300,13,98380,3.06125e+09
cu2410,21:12:56.0,77290,7938,77290,2,77300,13,98381,3.06163e+09
cu2410,21:12:56.500,77290,7938,77290,3,77300,13,98381,3.06163e+09
cu2410,21:12:57.0,77290,7942,77290,5,77300,10,98380,3.06318e+09
cu2410,21:12:57.500,77290,7942,77290,6,77300,10,98380,3.06318e+09
cu2410,21:12:59.0,77300,7943,77290,6,77300,9,98380,3.06357e+09
cu2410,21:12:59.500,77300,7954,77300,3,77310,1,98370,3.06782e+09
cu2410,21:13:00.0,77300,7956,77300,3,77310,1,98370,3.06859e+09
cu2410,21:13:00.500,77300,7956,77300,1,77310,6,98370,3.06859e+09
cu2410,21:13:01.0,77300,7957,77300,1,77310,7,98370,3.06898e+09
cu2410,21:13:01.500,77300,7957,77300,6,77310,7,98370,3.06898e+09
cu2410,21:13:02.0,77300,7961,77300,2,77310,7,98367,3.07052e+09
cu2410,21:13:02.500,77320,7967,77300,25,77320,17,98364,3.07284e+09
cu2410,21:13:03.0,77310,7969,77300,21,77320,10,98363,3.07361e+09
cu2410,21:13:03.500,77310,7969,77300,41,77320,10,98363,3.07361e+09
cu2410,21:13:04.0,77310,7969,77300,38,77310,6,98363,3.07361e+09
cu2410,21:13:04.500,77310,7976,77300,21,77310,1,98357,3.07632e+09
cu2410,21:13:05.0,77300,7977,77300,20,77310,7,98357,3.07671e+09
cu2410,21:13:05.500,77300,7978,77300,19,77310,15,98358,3.07709e+09
cu2410,21:13:06.0,77300,7979,77300,18,77310,15,98359,3.07748e+09
cu2410,21:13:06.500,77300,7979,77300,19,77310,11,98359,3.07748e+09
cu2410,21:13:07.0,77300,7979,77300,19,77310,9,98359,3.07748e+09
cu2410,21:13:07.500,77300,7979,77300,19,77310,5,98359,3.07748e+09
cu2410,21:13:08.0,77310,7981,77300,21,77310,6,98357,3.07825e+09
cu2410,21:13:08.500,77310,7981,77300,21,77310,4,98357,3.07825e+09
cu2410,21:13:09.0,77300,7982,77300,20,77310,4,98357,3.07864e+09
cu2410,21:13:09.500,77300,7983,77300,20,77310,4,98357,3.07903e+09
cu2410,21:13:10.0,77310,7987,77300,20,77310,2,98353,3.08057e+09
cu2410,21:13:10.500,77310,7987,77300,20,77310,3,98353,3.08057e+09
cu2410,21:13:11.0,77310,7987,77300,21,77310,3,98353,3.08057e+09
cu2410,21:13:11.500,77310,7987,77300,21,77310,3,98353,3.08057e+09
cu2410,21:13:12.0,77310,7988,77300,21,77310,2,98353,3.08096e+09
cu2410,21:13:12.500,77310,7988,77300,21,77310,2,98353,3.08096e+09
cu2410,21:13:13.0,77300,7992,77300,17,77310,5,98353,3.0825e+09
cu2410,21:13:13.500,77310,8014,77310,5,77320,9,98355,3.09101e+09
cu2410,21:13:14.0,77310,8017,77310,2,77320,8,98355,3.09217e+09
cu2410,21:13:14.500,77310,8019,77300,18,77310,2,98356,3.09294e+09
cu2410,21:13:15.0,77300,8020,77300,17,77310,6,98356,3.09333e+09
cu2410,21:13:15.500,77300,8020,77300,17,77310,2,98356,3.09333e+09
cu2410,21:13:16.0,77300,8020,77300,17,77310,3,98356,3.09333e+09
cu2410,21:13:16.500,77300,8024,77300,13,77310,3,98356,3.09488e+09
cu2410,21:13:17.0,77300,8025,77300,12,77310,3,98356,3.09526e+09
cu2410,21:13:17.500,77300,8030,77300,7,77310,4,98356,3.09719e+09
cu2410,21:13:18.0,77300,8034,77300,3,77310,14,98357,3.09874e+09
cu2410,21:13:18.500,77300,8037,77290,4,77300,1,98358,3.0999e+09
cu2410,21:13:19.0,77310,8045,77310,42,77320,13,98354,3.10299e+09
cu2410,21:13:19.500,77310,8088,77300,3,77320,7,98347,3.11961e+09
cu2410,21:13:20.0,77310,8088,77300,7,77310,2,98347,3.11961e+09
cu2410,21:13:20.500,77310,8088,77300,3,77310,2,98347,3.11961e+09
cu2410,21:13:21.0,77320,8104,77320,4,77330,15,98350,3.1258e+09
cu2410,21:13:21.500,77310,8111,77300,1,77320,30,98354,3.12851e+09
cu2410,21:13:22.0,77300,8112,77310,2,77320,30,98354,3.12889e+09
cu2410,21:13:22.500,77320,8118,77300,5,77310,1,98349,3.13121e+09
cu2410,21:13:23.0,77320,8118,77300,7,77310,1,98349,3.13121e+09
cu2410,21:13:23.500,77310,8119,77300,7,77320,4,98349,3.1316e+09
cu2410,21:13:24.0,77310,8119,77300,7,77310,3,98349,3.1316e+09
cu2410,21:13:24.500,77310,8119,77300,3,77310,1,98349,3.1316e+09
cu2410,21:13:25.0,77310,8119,77300,6,77310,1,98349,3.1316e+09
cu2410,21:13:25.500,77310,8119,77300,10,77320,9,98349,3.1316e+09
cu2410,21:13:26.0,77300,8120,77300,9,77320,8,98348,3.13198e+09
cu2410,21:13:26.500,77300,8120,77300,9,77320,10,98348,3.13198e+09
cu2410,21:13:27.500,77320,8121,77300,9,77320,9,98348,3.13237e+09
cu2410,21:13:28.0,77320,8121,77300,9,77320,8,98348,3.13237e+09
cu2410,21:13:28.500,77320,8122,77300,9,77320,36,98348,3.13276e+09
cu2410,21:13:29.0,77320,8122,77300,9,77320,7,98348,3.13276e+09
cu2410,21:13:29.500,77320,8123,77300,10,77320,6,98348,3.13314e+09
cu2410,21:13:30.0,77300,8125,77300,9,77320,7,98346,3.13392e+09
cu2410,21:13:30.500,77300,8125,77300,9,77310,3,98346,3.13392e+09
cu2410,21:13:31.0,77310,8128,77310,1,77320,4,98346,3.13508e+09
cu2410,21:13:31.500,77310,8128,77310,6,77320,4,98346,3.13508e+09
cu2410,21:13:32.0,77310,8128,77310,6,77320,3,98346,3.13508e+09
cu2410,21:13:33.0,77310,8131,77310,5,77320,3,98346,3.13624e+09
cu2410,21:13:33.500,77310,8132,77310,4,77320,3,98346,3.13662e+09
cu2410,21:14:20.0,77290,8245,77280,5,77290,1,98282,3.18029e+09
cu2410,21:14:20.500,77280,8249,77280,22,77290,37,98280,3.18184e+09
cu2410,21:14:21.0,77280,8249,77280,22,77290,2,98280,3.18184e+09
cu2410,21:14:21.500,77290,8251,77290,1,77300,6,98278,3.18261e+09
cu2410,21:14:22.0,77290,8252,77280,23,77300,12,98277,3.183e+09
cu2410,21:14:22.500,77290,8252,77280,23,77290,2,98277,3.183e+09
cu2410,21:14:23.0,77290,8252,77280,21,77290,12,98277,3.183e+09
cu2410,21:14:23.500,77280,8254,77280,19,77290,8,98277,3.18377e+09
cu2410,21:14:24.0,77290,8266,77290,38,77300,19,98267,3.18841e+09
cu2410,21:14:24.500,77290,8267,77290,37,77300,6,98267,3.1888e+09
cu2410,21:14:25.0,77290,8267,77290,37,77300,29,98267,3.1888e+09
cu2410,21:14:25.500,77290,8267,77290,87,77300,3,98267,3.1888e+09
cu2410,21:14:26.0,77300,8268,77290,87,77300,1,98266,3.18918e+09
cu2410,21:14:26.500,77290,8269,77290,86,77300,2,98265,3.18957e+09
cu2410,21:14:27.0,77290,8269,77290,86,77300,2,98265,3.18957e+09
cu2410,21:14:28.0,77290,8270,77290,85,77300,3,98265,3.18996e+09
cu2410,21:14:28.500,77290,8270,77290,85,77300,3,98265,3.18996e+09
cu2410,21:14:29.0,77300,8271,77290,85,77300,2,98265,3.19034e+09
cu2410,21:14:29.500,77300,8271,77290,85,77300,3,98265,3.19034e+09
cu2410,21:14:30.0,77300,8271,77290,85,77300,3,98265,3.19034e+09
cu2410,21:14:30.500,77300,8271,77290,85,77300,5,98265,3.19034e+09
cu2410,21:14:31.500,77300,8271,77290,85,77300,4,98265,3.19034e+09
cu2410,21:14:32.0,77300,8271,77290,85,77300,5,98265,3.19034e+09
cu2410,21:14:32.500,77300,8272,77290,86,77300,4,98266,3.19073e+09
cu2410,21:14:33.0,77300,8272,77290,86,77300,30,98266,3.19073e+09
cu2410,21:14:33.500,77300,8273,77290,86,77300,4,98265,3.19111e+09
cu2410,21:14:34.0,77290,8274,77290,85,77300,4,98264,3.1915e+09
cu2410,21:14:35.500,77290,8274,77290,85,77300,4,98264,3.1915e+09
cu2410,21:14:36.500,77290,8280,77290,81,77300,8,98263,3.19382e+09
cu2410,21:14:37.0,77290,8281,77290,80,77300,32,98262,3.19421e+09
cu2410,21:14:37.500,77290,8283,77290,78,77300,32,98260,3.19498e+09
cu2410,21:14:38.0,77290,8283,77290,78,77300,33,98260,3.19498e+09
cu2410,21:14:38.500,77290,8283,77290,78,77300,36,98260,3.19498e+09
cu2410,21:14:39.0,77290,8291,77290,70,77300,36,98256,3.19807e+09
cu2410,21:14:39.500,77290,8297,77290,64,77300,36,98250,3.20039e+09
cu2410,21:14:40.0,77290,8299,77290,62,77300,36,98250,3.20116e+09
cu2410,21:14:40.500,77290,8299,77290,62,77300,37,98250,3.20116e+09
cu2410,21:14:41.0,77290,8300,77290,61,77300,37,98250,3.20155e+09
cu2410,21:14:41.500,77290,8301,77290,60,77300,38,98249,3.20194e+09
cu2410,21:14:42.0,77290,8314,77290,47,77300,38,98249,3.20696e+09
cu2410,21:14:42.500,77290,8329,77290,32,77300,47,98245,3.21276e+09
cu2410,21:14:43.0,77290,8335,77290,26,77300,40,98241,3.21507e+09
cu2410,21:14:43.500,77290,8356,77290,5,77300,65,98235,3.22319e+09
cu2410,21:14:44.0,77290,8361,77290,1,77300,38,98235,3.22512e+09
cu2410,21:14:44.500,77290,8361,77290,1,77300,38,98235,3.22512e+09
cu2410,21:14:45.0,77290,8361,77290,1,77300,38,98235,3.22512e+09
cu2410,21:14:45.500,77290,8362,77280,18,77290,1,98234,3.22551e+09
cu2410,21:14:46.0,77290,8362,77280,21,77290,2,98234,3.22551e+09
cu2410,21:14:46.500,77290,8363,77280,21,77290,2,98233,3.2259e+09
cu2410,21:14:47.0,77290,8363,77280,18,77290,2,98233,3.2259e+09
cu2410,21:14:47.500,77290,8363,77280,18,77290,2,98233,3.2259e+09
cu2410,21:14:48.0,77290,8364,77280,22,77290,2,98232,3.22628e+09
cu2410,21:14:49.0,77290,8364,77280,22,77290,2,98232,3.22628e+09
cu2410,21:14:49.500,77290,8364,77280,22,77290,2,98232,3.22628e+09
cu2410,21:14:50.0,77290,8365,77280,23,77290,1,98232,3.22667e+09
cu2410,21:14:50.500,77290,8370,77280,23,77290,24,98228,3.2286e+09
cu2410,21:14:51.0,77290,8374,77280,23,77300,6,98227,3.23015e+09
cu2410,21:14:51.500,77290,8374,77290,10,77300,34,98227,3.23015e+09
cu2410,21:14:52.0,77290,8374,77290,13,77300,34,98227,3.23015e+09
cu2410,21:14:52.500,77290,8374,77290,13,77300,6,98227,3.23015e+09
cu2410,21:14:53.0,77290,8374,77290,15,77300,6,98227,3.23015e+09
cu2410,21:14:54.500,77300,8379,77300,6,77310,6,98229,3.23208e+09
cu2410,21:14:55.0,77300,8385,77290,15,77300,13,98229,3.2344e+09
cu2410,21:14:55.500,77300,8394,77300,2,77310,7,98223,3.23788e+09
cu2410,21:14:56.0,77300,8394,77300,6,77310,7,98223,3.23788e+09
cu2410,21:14:56.500,77310,8395,77300,9,77310,2,98222,3.23826e+09
cu2410,21:14:57.0,77310,8397,77310,1,77320,8,98221,3.23904e+09
cu2410,21:14:57.500,77310,8397,77310,3,77320,20,98221,3.23904e+09
cu2410,21:14:58.0,77310,8398,77310,3,77320,20,98220,3.23942e+09
cu2410,21:14:58.500,77320,8401,77310,14,77320,3,98217,3.24058e+09
cu2410,21:14:59.0,77320,8405,77320,2,77330,8,98214,3.24213e+09
cu2410,21:14:59.500,77320,8405,77320,2,77330,4,98214,3.24213e+09
cu2410,21:15:00.0,77310,8410,77310,12,77320,2,98210,3.24406e+09
cu2410,21:15:00.500,77310,8410,77310,2,77320,2,98210,3.24406e+09
cu2410,21:15:01.0,77320,8411,77310,4,77320,1,98209,3.24445e+09
cu2410,21:15:01.500,77320,8413,77320,1,77330,12,98207,3.24522e+09
cu2410,21:15:02.0,77320,8414,77320,1,77330,41,98206,3.24561e+09
cu2410,21:15:02.500,77330,8417,77310,9,77330,41,98205,3.24677e+09
cu2410,21:15:03.0,77330,8417,77310,15,77320,1,98205,3.24677e+09
cu2410,21:15:03.500,77320,8422,77310,14,77330,17,98203,3.2487e+09
cu2410,21:15:04.0,77320,8422,77310,14,77330,17,98203,3.2487e+09
cu2410,21:15:04.500,77320,8422,77310,14,77330,27,98203,3.2487e+09
cu2410,21:15:05.0,77330,8423,77310,9,77330,40,98204,3.24909e+09
cu2410,21:15:06.0,77330,8424,77310,9,77320,18,98204,3.24947e+09
cu2410,21:15:06.500,77330,8424,77310,9,77320,20,98204,3.24947e+09
cu2410,21:15:07.0,77330,8424,77310,9,77320,21,98204,3.24947e+09
cu2410,21:15:07.500,77330,8424,77310,9,77320,21,98204,3.24947e+09
cu2410,21:15:08.0,77320,8425,77310,9,77320,24,98203,3.24986e+09
